2342 3554
453 290 568 351 408
735 249 1870 358 OBSERVA'TIONES

442 434 673 488 ‘videatur
701 478 716 503 ,
757 435 826 488 ita
875 446 931 488 vt
984 450 1085 488 non
1127 449 1380 505 nunquam
1424 433 1668 504 graduum
1719 445 1818 498 ας.
1850 430 2135 502 etamplius

443 520 577 574 mihi
623 521 679 574 sit
724 520 805 573 hic
853 519 1122 573 obseruata.
1181 516 1733 573 Barometrialtitudo
1774 527 1882 571 erat
1928 529 2131 587 2775,

443 607 598 673 quum
648 599 794 673 mane
835 604 981 658 fuerit
1029 618 1120 669 27.
1145 613 1233 674 80.
1276 616 1326 657 et
1370 604 1432 672 ab
1481 605 1706 667 28.26,
1757 616 1881 674 quae
1925 600 2138 656 altitudo

442 690 526 743 die
562 706 653 742 20.
702 689 833 758 fuit,
875 690 937 742 ad
982 690 1111 743 hunc
1158 689 1437 743 terminum
1477 688 1617 742 lente
1683 686 2025 756 descenderit,
2087 698 2138 742 et

445 772 672 843 sequenti,
692 775 772 827 die
798 778 858 828 ad
893 789 982 837 27.
1004 778 1101 824 62.
1130 774 1428 848 descendere
1455 772 1750 845 perrexerit.
1800 768 2021 840 Coelum
2048 772 2135 826 ad-

448 858 665 911 modum
715 857 806 910 fuit
850 859 1187 931 vaporosurn‚
1232 860 1301 913 ita
1348 872 1404 913 vt
1461 858 1530 912 iol
1576 871 1812 929 tanquam
1861 855 2015 929 discus
2055 873 2160 911 rur

447 941 533 1016 ber
578 942 900 1012 adparuerit‚
946 944 1101 1015 quod,
1125 932 1256 997 aere
1299 945 1568 1015 vaporibus
1595 985 1610 1011 ,
1654 942 1929 1014 praecipue
1981 941 2139 999 exha-

452 1017 738 1094 lationibus,
778 1019 994 1099 copiosis
1037 1028 1250 1099 repletO,
1300 1030 1598 1099 contingere
1643 1027 1781 1082 solet.
1828 1027 2026 1093 Ventus
2050 1027 2144 1081 de·

453 1110 560 1166 bilis
604 1127 668 1164 ex
712 1107 907 1166 oriente
949 1112 1163 1184 spirabat
1191 1153 1207 1179 ‚
1254 1114 1332 1166 vti
1376 1129 1575 1184 quoque
1618 1112 1788 1165 diebus
1829 1112 2018 1164 duobus
2051 1127 2137 1163 an·

454 1196 795 1250 recedentibus
838 1212 887 1249 et
932 1197 1360 1265 consequentibus,
1432 1192 1596 1246 vCirca
1643 1192 1698 1245 h.
1744 1212 1803 1260 4.
1849 1211 1902 1264 p.
1946 1210 2017 1248 m.
2055 1207 2139 1248 to-

455 1279 601 1337 nitru
643 1297 670 1333 e
715 1280 993 1351 longinquo
1028 1277 1107 1354 :est
1152 1278 1396 1346 auditum,
1441 1291 1493 1332 et
1541 1276 1703 1349 pluuia
1749 1294 1900 1348 parua
1943 1279 2144 1348 cecidit,

448 1361 504 1418 h.
552 1379 646 1417 10.
695 1377 860 1417 autem
910 1362 1075 1433 pluuia
1120 1362 1228 1415 satis
1271 1363 1442 1432 larga,
1488 1376 1540 1415 et
1584 1363 1806 1431 tonitru,
1842 1373 2141 1431 nontamen

453 1447 894 1512 vehemen5,fi1it.
979 1445 1155 1519 Quum
1202 1444 1556 1515 atmosphaera
1611 1446 1817 1501 inferior
1861 1449 2141 1518 vaporibus

447 1544 501 1586 et
543 1530 946 1584 exhalationibus
987 1530 1132 1583 fuerit
1174 1527 1361 1600 repleta
1386 1565 1400 1594 ,
1452 1542 1502 1581 et
1557 1529 1904 1584 baro-metrum
1975 1531 2141 1585 altitu·

448 1617 620 1670 dinem
690 1606 928 1685 insignem
992 1631 1090 1666 non
1160 1613 1505 1668 monstrziuerit
1546 1652 1562 1679 ,
1639 1613 1872 1686 calorque
1942 1615 2144 1687 insignis

448 1701 835 1755 thermometro
876 1698 1019 1752 fuerit
1062 1699 1340 1753 indicatus:
1391 1699 1681 1753 mirandum
1726 1715 1830 1753 non
1874 1700 1944 1754 est
1974 1741 1988 1768 ,
2049 1700 2147 1756 ful-

452 1785 681 1853 mineam
724 1784 1086 1855 tempestatem
1139 1784 1237 1838 hoc
1304 1784 1388 1837 die
1432 1784 1696 1855 contigisse
1724 1825 1739 1850 ‚
1784 1784 1905 1851 dum
1961 1801 2144 1842 omnes

453 1869 711 1924 adfuerunt
753 1860 1103 1936 conditioneS,
1165 1869 1248 1922 sub
1293 1868 1464 1938 quibus
1505 1866 1829 1942 tempestates
1869 1870 2144 1927 fulmineae

456 1954 682 2006 accidere
727 1953 904 2005 solent.
984 1951 1129 2004 Vltra
1173 1952 1496 2003 altitudinem
1559 1960 1772 2007 28.08.
1820 1954 1917 2005 siue
1958 1955 2142 2022 viginti

457 2036 585 2090 osto
630 2033 873 2107 pollicum
917 2033 1063 2106 pedis
1104 2032 1301 2086 Parisini
1344 2044 1396 2083 et
1449 2032 1612 2085 lineae
1665 2034 1811 2087 vnius
1877 2037 2145 2105 tempestas

460 2120 700 2175 fulminea
754 2118 883 2173 mihi
937 2117 1024 2172 hic
1093 2132 1203 2171 non
1242 2116 1316 2170 est
1354 2115 1603 2171 obseruata
1631 2160 1647 2187 ,
1699 2134 1826 2188 quae
1878 2119 1977 2172 scil.
2025 2137 2140 2192 pro-

460 2206 576 2278 pius
615 2205 831 2260 acceffit.

663 2349 948 2423 Sequuntur
991 2365 1216 2409 meteora
1260 2353 1525 2427 insigniora
1572 2368 1663 2426 per
1718 2354 1932 2428 singulos
1998 2355 2144 2412 huius

464 2435 579 2492 anni
624 2436 852 2498 menses,
918 2450 977 2493 vt
1047 2440 1229 2509 venti,
1303 2438 1382 2494 sed
1440 2452 1635 2494 tantum
1681 2441 2140 2512 vehementiores,

463 2520 649 2575 scilicet
691 2523 866 2593 gradus
907 2525 1042 2578 tertii
1088 2538 1139 2579 et
1182 2525 1386 2597 quarti,
1430 2527 1516 2596 qui
1560 2525 1858 2598 posteriores
1886 2526 2146 2599 procello-

466 2605 541 2659 sos
607 2618 824 2675 notant,
881 2625 1040 2680 porro
1084 2609 1290 2663 nebulae
1320 2650 1336 2678 ‚
1396 2611 1553 2665 nubes
1582 2653 1597 2678 ,
1649 2610 1816 2683 pluuia
1845 2655 1860 2681 ,
1915 2612 2108 2683 grando
2136 2649 2151 2678 ‚

465 2691 558 2745 nix
583 2734 597 2761 ,
643 2691 865 2747 tonitrua
912 2709 1030 2747 cum
1073 2694 1400 2770 fulminibu5‚
1444 2695 1653 2751 halones
1703 2698 1835 2753 circa
1876 2694 2054 2755 Solem
2096 2692 2171 2750 et'

431 2773 664 2831 .Lunam
687 2816 704 2847 ,
746 2786 798 2831 et
835 2791 1044 2834 aurorae
1086 2778 1331 2834 boreales.

1991 2945 2147 3006 Mena·
