2342 3554
471 260 548 312 70
1008 232 1635 317 &gammam

1243 387 1372 445 DE

491 491 1973 574 .RESOLVTIONE

468 623 1166 699 AEQVATIONVM
1255 619 1674 679 cvtvsvls
1767 615 2141 679 GRADVS.

1125 783 1467 833 Austore

977 912 1038 965 L.
1125 908 1612 966 EVLERO.

1283 1076 1338 1113 1.

466 1148 739 1344 ⁴Quae
784 1198 834 1251 in
883 1197 1102 1269 Algebra
1162 1198 1326 1253 adhuc
1395 1198 1456 1252 de
1520 1198 1820 1274 resolutione
1885 1199 2147 1269 aequatio-

691 1301 809 1337 num
858 1283 965 1337 suut
1015 1285 1192 1337 tradita
1221 1327 1236 1353 ‚
1300 1301 1356 1337 ea
1386 1324 1402 1351 ‚
1456 1284 1491 1338 fi
1534 1285 1594 1337 ad
1641 1285 1828 1355 regulas
1893 1284 2145 1355 generales

460 1368 793 1439 spedtemuS,
844 1382 1035 1422 tantum
1080 1369 1138 1422 ad
1185 1369 1509 1440 aequationes
1535 1411 1549 1438 ‚
1592 1385 1715 1440 quae
1756 1383 1987 1441 quartum
2029 1384 2143 1439 gra—

467 1454 588 1506 dum
637 1466 740 1507 non
789 1455 1064 1525 superant,
1121 1467 1337 1525 patent,
1382 1469 1540 1524 neque
1592 1458 1874 1509 etiamnum
1942 1452 2143 1524 regulae

465 1538 568 1589 sunt
616 1539 842 1590 inuentae
869 1579 884 1607 ,
931 1555 1138 1607 quarum
1183 1554 1284 1607 ope
1331 1538 1648 1606 aequationes
1691 1540 1850 1608 quinti
1892 1539 2145 1589 altiorisue

466 1621 740 1688 cuiuspiam
785 1621 961 1689 gradus
1005 1620 1170 1673 resolui
1212 1632 1435 1689 queant:
1480 1623 1547 1671 ita
1594 1630 1653 1671 vt
1703 1619 1930 1673 Vniuersa
1985 1619 2145 1690 Alge-

467 1703 555 1757 bra
600 1704 661 1758 ad
711 1703 1028 1774 aequationes
1069 1717 1286 1774 vquatuor
1330 1703 1616 1775 primorum
1665 1705 1900 1759 ordinum
1939 1703 2143 1758 restrin-

466 1801 628 1860 gatur.
705 1786 819 1840 Hoc
865 1799 1034 1840 autern
1082 1789 1144 1839 de
1181 1788 1356 1854 regulis
1401 1787 1706 1856 generalibus
1748 1790 1817 1842 est
1852 1791 2143 1860 tenendum,

466 1889 590 1944 quae
635 1872 697 1926 ad
744 1886 926 1926 omnes
969 1871 1286 1939 aequationes
1328 1871 1554 1924 eiusdem
1598 1872 1773 1940 gradus
1815 1873 1910 1926 sint
1932 1888 2139 1925 accom-

467 1957 750 2027 modatae3
800 1970 918 2007 nam
969 1955 1017 2006 in
1061 1954 1236 2023 quouis
1276 1954 1430 2024 gradu
1475 1955 1653 2007 dantur
1695 1955 1922 2010 infinitae
1962 1972 2140 2027 aequa-

465 2040 629 2092 tiones
658 2081 674 2108 ‚
720 2055 846 2110 quae
891 2055 982 2109 per
1024 2038 1317 2092 diuisionem
1365 2039 1416 2090 in
1458 2039 1576 2092 duas
1619 2039 1843 2110 pluresue
1880 2043 2140 2111 aequatio-

465 2125 561 2177 'nes
604 2125 848 2194 graduum
894 2122 1181 2177 inferiorum
1245 2121 1417 2176 resolui
1485 2126 1729 2196 possunt,
1794 2142 2003 2193 quarum
2062 2125 2138 2177 id-

466 2209 608 2261 circo
655 2210 838 2261 radices
885 2206 1097 2261 iunCtim
1143 2207 1330 2260 sumtae
1390 2209 1634 2279 praebent
1705 2215 1886 2264 ornnes
1952 2209 2139 2263 radices

467 2292 664 2346 iliarum
709 2291 1069 2362 aequationum
1114 2293 1348 2345 altiorum
1393 2294 1656 2363 graduum.
1741 2294 1884 2347 Tum
1943 2309 2072 2347 vero
2110 2309 2138 2348 a

469 2372 576 2429 Cel.
624 2374 888 2450 Moimfiaeo
930 2375 1210 2432 obseruatae
1253 2374 1360 2430 sunt
1403 2378 1453 2428 in
1497 2379 1671 2447 queuis
1714 2381 1867 2450 gradu
1893 2380 2135 2450 quaedam

466 2463 785 2528 aequationes
825 2460 1059 2529 speciales
1090 2504 1105 2529 ‚
1144 2477 1270 2532 quae
1311 2461 1397 2514 etsi
1444 2478 1534 2532 per
1575 2463 1867 2516 diuisionem
1895 2465 1947 2514 in
1982 2462 2135 2515 faeto—

465 2559 540 2595 res
597 2544 769 2596 reiolui
840 2557 1084 2613 nequeunt
1111 2588 1127 2614 ‚
1188 2558 1362 2599 tamen
1421 2561 1592 2598 earum
1658 2546 1844 2602 radices
1902 2545 2135 2619 assignare

463 2625 622 2680 liceat.

667 2749 721 2786 2.
769 2732 856 2787 Ex
907 2738 1107 2807 cognita
1163 2752 1333 2795 autem
1403 2739 1706 2798 resolutione
1771 2745 1984 2817 generali
2042 2760 2131 2800 ae·

463 2817 758 2890 quitionum
809 2820 989 2891 primi,
1029 2825 1239 2894 iecundi,
1283 2826 1420 2878 tertii
1462 2838 1515 2879 et
1556 2831 1713 2898 quarti
1756 2832 1959 2902 gradus,
2008 2846 2130 2885 con·

2030 2916 2123 2971 stat
