2342 3554
709 260 1267 319 PISCIVM.
1705 283 1824 337 453

347 415 540 468 Totum
583 429 766 484 corpus
807 411 1234 482 cathetoplateum
1265 457 1280 483 ,
1348 413 1660 470 latiusculum
1690 459 1704 484 ,
1780 430 1831 472 et

153 501 213 556 ab
259 500 579 554 anterioribus
624 499 892 570 posteriora
937 497 1099 551 versus
1137 499 1343 553 crassitie
1420 499 1587 553 lenfim
1658 505 1832 556 decre-

153 585 303 640 scens,
386 585 438 638 A
483 601 638 656 prona
683 583 860 654 capitis
902 595 1042 652 parte
1072 621 1088 641 ‚
1133 600 1359 638 connexa
1389 618 1405 649 ‚
1456 585 1595 637 rec‘ta
1642 602 1694 637 et
1736 594 1833 639 de-

151 672 304 736 clini,
375 672 575 723 dorsum
645 668 808 721 statim
878 667 1085 720 modico
1150 685 1264 723 arcu
1320 667 1527 722 ascendit
1572 685 1727 739 vsque
1768 670 1832 726 ad

152 757 362 825 pinnam
430 752 709 821 dorsalem,
780 766 909 804 mox
976 754 1106 805 circa
1173 755 1404 825 quintum
1453 752 1593 807 huius
1632 754 1832 809 radium

150 841 210 892 ad
260 856 283 889 1
341 839 524 895 lineam
571 852 723 907 vsque
767 834 1054 907 deprefl'um
1084 880 1098 903 ,
1164 838 1214 890 in
1263 839 1386 893 linea
1431 836 1534 890 fere
1577 838 1715 893 rec'ta
1767 838 1832 894 ad

148 924 328 978 caudae
380 925 559 993 pinnae
607 922 914 992 principium
961 937 1116 995 Vsque
1177 921 1424 979 descendit
1450 958 1468 992 ‚
1538 938 1831 978 connexam

150 1008 332 1078 vbique
375 1008 564 1060 seruans
607 1005 935 1077 superficiem.

340 1111 554 1162 Inferior
594 1114 821 1181 corporis
864 1129 1043 1184 margo
1094 1130 1123 1168 a
1196 1113 1404 1168 maxilla
1471 1113 1701 1169 inferiore
1765 1111 1832 1169 ad

147 1195 330 1250 caudae
376 1195 587 1263 pinnam
637 1207 793 1261 vsque
837 1198 1045 1248 vnicum
1091 1201 1255 1252 modo
1320 1215 1492 1252 arcum
1558 1198 1783 1252 describit
1813 1229 1832 1263 ,

148 1298 175 1334 a
220 1278 467 1351 principio
511 1276 571 1329 ad
619 1291 767 1329 anum
825 1292 978 1347 vsque
1045 1295 1333 1341 conucxu5‚
1397 1297 1424 1332 a
1498 1281 1681 1351 pinnae
1749 1280 1833 1335 ani

146 1365 296 1419 initio
360 1376 481 1416 vero
548 1376 704 1431 vsque
768 1360 831 1413 ad
877 1361 982 1414 eius
1022 1361 1176 1415 finem
1225 1363 1398 1418 sensim
1445 1364 1609 1435 magis
1652 1363 1836 1437 magis·

146 1466 245 1524 que
287 1459 585 1502 attenuatur.

346 1551 541 1623 Capitis
578 1552 730 1606 latera
775 1553 1114 1627 anterioraque
1160 1557 1386 1628 corporis
1427 1555 1666 1612 leuiffime
1716 1566 1834 1614 tan·

147 1650 252 1694 tum
297 1653 530 1692 connexa
559 1676 576 1704 ,
622 1638 897 1709 posteriora
939 1656 967 1692 e
1017 1655 1131 1694 toto
1172 1642 1270 1694 fere
1310 1641 1477 1709 plana.
1530 1659 1534 1663 ·

341 1742 419 1796 Os
459 1740 646 1794 direcie
688 1756 803 1796 ante
841 1742 1019 1797 oculos
1059 1744 1281 1799 locatum
1309 1786 1325 1814 ,
1379 1742 1643 1815 paruulum
1669 1783 1686 1812 ,
1752 1761 1828 1802 at-

145 1838 363 1880 cuatum.
456 1826 610 1880 Labia
652 1843 756 1880 oris
799 1828 996 1881 carnosa
1029 1871 1046 1897 ,
1095 1831 1265 1883 dentes
1308 1831 1541 1900 tegentia.
1626 1827 1829 1885 Dentes

152 1914 201 1965 in
251 1913 465 1982 Vtrisque
533 1912 758 1964 maxillis
820 1913 1078 1980 conferti,
1152 1914 1351 1984 obtusi,
1413 1914 1658 1984 minimi,
1724 1912 1828 1969 fere

142 1994 387 2066 aequales,

346 2091 615 2144 Foramina
657 2094 844 2147 narium
901 2094 1132 2161 vtrinque
1197 2094 1342 2164 due,
1408 2095 1543 2148 inter
1611 2095 1832 2168 superius

144 2176 247 2230 oris
307 2173 495 2226 labium
567 2185 618 2225 et
685 2176 877 2228 orbitae
921 2179 1206 2245 marginem
1253 2179 1566 2234 anteriorem
1609 2194 1829 2251 eumque

144 2259 451 2328 superiorem
497 2257 685 2326 aequali
727 2260 781 2311 in
820 2257 1038 2312 distantia
1083 2261 1357 2331 disposita:
1421 2263 1664 2317 anteriore
1722 2262 1829 2317 mi-

144 2344 337 2400 nimo,
401 2341 740 2395 membranula
768 2385 784 2411 ‚
849 2343 1119 2396 antrorsum
1163 2345 1452 2417 spectante,
1492 2348 1632 2401 velut
1671 2364 1826 2420 oper-

142 2426 260 2482 culo
281 2466 298 2494 ,
338 2423 593 2498 οὒῑεᾶο;
654 2428 930 2499 posteriore
971 2430 1225 2501 ampliore
1249 2471 1267 2501 ,
1331 2432 1690 2504 retrorsumque
1732 2449 1829 2509 pa-

143 2521 296 2565 tente.

323 2601 472 2658 Oculi
518 2605 773 2677 palpebris
810 2606 1028 2662 destituti
1054 2649 1071 2678 ‚
1140 2608 1309 2665 limbo
1351 2610 1599 2684 superiore
1666 2611 1826 2684 magis

142 2688 495 2763 prominentes
522 2725 538 2755 ‚
585 2708 739 2762 quam
784 2691 1064 2760 inferiore,
1120 2696 1406 2750 maximam
1451 2709 1647 2769 partem
1692 2699 1824 2751 intra

144 2772 365 2827 orbitam
421 2787 646 2845 recepto,
749 2776 841 2832 Iris
888 2793 953 2831 ex
996 2791 1239 2850 argenteo
1281 2781 1335 2836 in
1376 2782 1559 2856 pallide
1605 2782 1819 2835 brunum

142 2857 379 2915 colorem
421 2873 654 2934 vergenS.
735 2861 926 2939 Pupilla
968 2862 1281 2923 subrotunda.

933 2945 982 3008 L
1005 2946 1070 3004 ll
1115 2966 1149 3019 3
1646 2946 1814 3023 Oper-
