<?xml version="1.0" encoding="UTF-8"?>
<!DOCTYPE html PUBLIC "-//W3C//DTD XHTML 1.0 Transitional//EN"
    "http://www.w3.org/TR/xhtml1/DTD/xhtml1-transitional.dtd">
<html xmlns="http://www.w3.org/1999/xhtml" xml:lang="en" lang="en">
 <head>
  <title>
</title>
<meta http-equiv="Content-Type" content="text/html;charset=utf-8" />
  <meta name='ocr-system' content='tesseract 3.04.00' />
  <meta name='ocr-capabilities' content='ocr_page ocr_carea ocr_par ocr_line ocrx_word'/>
</head>
<body>
  <div class='ocr_page' id='page_1' title='image "./novicommentariac29impe_0139.png"; bbox 0 0 2342 3554; ppageno 0'>
   <div class='ocr_carea' id='block_1_1' title="bbox 295 265 1802 355">
    <p class='ocr_par' dir='ltr' id='par_1_1' title="bbox 295 265 1802 355">
     <span class='ocr_line' id='line_1_1' title="bbox 295 265 1802 355; baseline -0.001 -21"><span class='ocrx_word' id='word_1_1' title='bbox 295 270 679 355; x_wconf 68' lang='lat' dir='ltr'><em>AEQVATIO</em></span> <span class='ocrx_word' id='word_1_2' title='bbox 687 266 864 331; x_wconf 79' lang='lat' dir='ltr'>NVM</span> <span class='ocrx_word' id='word_1_3' title='bbox 911 265 1253 330; x_wconf 74' lang='lat' dir='ltr'><em>CVIVSVIS</em></span> <span class='ocrx_word' id='word_1_4' title='bbox 1305 269 1633 335; x_wconf 72' lang='lat' dir='ltr'><strong><em>GRADVS.</em></strong></span> <span class='ocrx_word' id='word_1_5' title='bbox 1720 276 1802 344; x_wconf 55' lang='grc' dir='ltr'>ης</span> 
     </span>
    </p>
   </div>
   <div class='ocr_carea' id='block_1_2' title="bbox 131 427 1801 523">
    <p class='ocr_par' dir='ltr' id='par_1_2' title="bbox 131 427 1801 523">
     <span class='ocr_line' id='line_1_2' title="bbox 131 427 1801 523; baseline -0.004 -14"><span class='ocrx_word' id='word_1_6' title='bbox 131 459 279 520; x_wconf 75' lang='lat' dir='ltr'>stum,</span> <span class='ocrx_word' id='word_1_7' title='bbox 319 451 452 506; x_wconf 87' lang='lat' dir='ltr'>hanc</span> <span class='ocrx_word' id='word_1_8' title='bbox 479 453 817 506; x_wconf 75' lang='lat' dir='ltr'>variatIOnem</span> <span class='ocrx_word' id='word_1_9' title='bbox 863 451 914 504; x_wconf 89' lang='lat' dir='ltr'>in</span> <span class='ocrx_word' id='word_1_10' title='bbox 959 449 1157 522; x_wconf 79' lang='lat' dir='ltr'>singulis</span> <span class='ocrx_word' id='word_1_11' title='bbox 1200 447 1429 507; x_wconf 86' lang='lat' dir='ltr'>terminis</span> <span class='ocrx_word' id='word_1_12' title='bbox 1478 427 1618 520; x_wconf 49' lang='grc' dir='ltr'>ῗῖα,</span> <span class='ocrx_word' id='word_1_13' title='bbox 1664 431 1801 523; x_wconf 52' lang='grc' dir='ltr'>ῗΐβ,</span> 
     </span>
    </p>
   </div>
   <div class='ocr_carea' id='block_1_3' title="bbox 135 539 1811 970">
    <p class='ocr_par' dir='ltr' id='par_1_3' title="bbox 135 539 1811 970">
     <span class='ocr_line' id='line_1_3' title="bbox 138 539 1806 640; baseline 0 -24"><span class='ocrx_word' id='word_1_14' title='bbox 138 546 296 640; x_wconf 33' lang='lat' dir='ltr'>stry,</span> <span class='ocrx_word' id='word_1_15' title='bbox 347 539 453 615; x_wconf 57' lang='lat'>{73</span> <span class='ocrx_word' id='word_1_16' title='bbox 487 573 582 616; x_wconf 87' lang='lat' dir='ltr'>etc.</span> <span class='ocrx_word' id='word_1_17' title='bbox 626 575 728 615; x_wconf 92' lang='lat' dir='ltr'>non</span> <span class='ocrx_word' id='word_1_18' title='bbox 774 577 867 632; x_wconf 91' lang='lat' dir='ltr'>pro</span> <span class='ocrx_word' id='word_1_19' title='bbox 908 561 1063 616; x_wconf 86' lang='lat' dir='ltr'>lubitu</span> <span class='ocrx_word' id='word_1_20' title='bbox 1102 564 1335 619; x_wconf 88' lang='lat' dir='ltr'>constitui</span> <span class='ocrx_word' id='word_1_21' title='bbox 1380 560 1542 636; x_wconf 85' lang='lat' dir='ltr'>poffe.</span> <span class='ocrx_word' id='word_1_22' title='bbox 1588 558 1639 616; x_wconf 92' lang='lat' dir='ltr'>Si</span> <span class='ocrx_word' id='word_1_23' title='bbox 1666 563 1806 616; x_wconf 86' lang='lat' dir='ltr'>enim</span> 
     </span>
     <span class='ocr_line' id='line_1_4' title="bbox 138 638 1804 725; baseline -0.002 -20"><span class='ocrx_word' id='word_1_24' title='bbox 138 647 453 704; x_wconf 78' lang='lat' dir='ltr'>combinatio</span> <span class='ocrx_word' id='word_1_25' title='bbox 493 646 676 700; x_wconf 87' lang='lat' dir='ltr'>horum</span> <span class='ocrx_word' id='word_1_26' title='bbox 726 647 1060 701; x_wconf 86' lang='lat' dir='ltr'>terminorum</span> <span class='ocrx_word' id='word_1_27' title='bbox 1101 665 1219 702; x_wconf 89' lang='lat' dir='ltr'>cum</span> <span class='ocrx_word' id='word_1_28' title='bbox 1265 649 1434 704; x_wconf 88' lang='lat' dir='ltr'>litteris</span> <span class='ocrx_word' id='word_1_29' title='bbox 1474 658 1512 712; x_wconf 81' lang='grc' dir='ltr'><em>α</em></span> <span class='ocrx_word' id='word_1_30' title='bbox 1535 691 1557 725; x_wconf 98' lang='grc' dir='ltr'><em>Ι</em></span> <span class='ocrx_word' id='word_1_31' title='bbox 1604 638 1684 723; x_wconf 72' lang='grc' dir='ltr'>ΒΙ</span> <span class='ocrx_word' id='word_1_32' title='bbox 1727 657 1754 710; x_wconf 85' lang='lat' dir='ltr'>c</span> <span class='ocrx_word' id='word_1_33' title='bbox 1778 687 1804 721; x_wconf 81' lang='grc' dir='ltr'><em>Ι</em></span> 
     </span>
     <span class='ocr_line' id='line_1_5' title="bbox 135 728 1806 811; baseline -0.002 -26"><span class='ocrx_word' id='word_1_34' title='bbox 135 728 174 799; x_wconf 67' lang='lat'>15</span> <span class='ocrx_word' id='word_1_35' title='bbox 206 777 229 811; x_wconf 94' lang='lat'><em>7</em></span> <span class='ocrx_word' id='word_1_36' title='bbox 269 744 297 798; x_wconf 80' lang='lat' dir='ltr'>e</span> <span class='ocrx_word' id='word_1_37' title='bbox 337 744 434 786; x_wconf 76' lang='lat' dir='ltr'>etc.</span> <span class='ocrx_word' id='word_1_38' title='bbox 507 732 710 784; x_wconf 86' lang='lat' dir='ltr'>arbitrio</span> <span class='ocrx_word' id='word_1_39' title='bbox 772 732 946 784; x_wconf 84' lang='lat' dir='ltr'>nostro</span> <span class='ocrx_word' id='word_1_40' title='bbox 1015 732 1403 806; x_wconf 71' lang='lat' dir='ltr'>relinqueretur,</span> <span class='ocrx_word' id='word_1_41' title='bbox 1469 746 1576 786; x_wconf 89' lang='lat' dir='ltr'>tum</span> <span class='ocrx_word' id='word_1_42' title='bbox 1638 730 1806 785; x_wconf 89' lang='lat' dir='ltr'>multo</span> 
     </span>
     <span class='ocr_line' id='line_1_6' title="bbox 140 813 1811 890; baseline -0.001 -18"><span class='ocrx_word' id='word_1_43' title='bbox 140 820 308 890; x_wconf 86' lang='lat' dir='ltr'>plures</span> <span class='ocrx_word' id='word_1_44' title='bbox 348 814 739 870; x_wconf 83' lang='lat' dir='ltr'>combinationes</span> <span class='ocrx_word' id='word_1_45' title='bbox 783 814 1073 869; x_wconf 84' lang='lat' dir='ltr'>resultarent</span> <span class='ocrx_word' id='word_1_46' title='bbox 1098 860 1113 885; x_wconf 85' lang='lat'>,</span> <span class='ocrx_word' id='word_1_47' title='bbox 1157 836 1309 889; x_wconf 82' lang='lat' dir='ltr'>quam</span> <span class='ocrx_word' id='word_1_48' title='bbox 1357 817 1588 890; x_wconf 82' lang='lat' dir='ltr'>aequatio</span> <span class='ocrx_word' id='word_1_49' title='bbox 1637 813 1811 889; x_wconf 44' lang='lat' dir='ltr'>conti&lt;</span> 
     </span>
     <span class='ocr_line' id='line_1_7' title="bbox 140 901 1316 970; baseline -0.001 -13"><span class='ocrx_word' id='word_1_50' title='bbox 140 915 229 958; x_wconf 81' lang='lat' dir='ltr'>net</span> <span class='ocrx_word' id='word_1_51' title='bbox 270 901 459 955; x_wconf 81' lang='lat' dir='ltr'>radices</span> <span class='ocrx_word' id='word_1_52' title='bbox 486 940 501 967; x_wconf 92' lang='lat'>,</span> <span class='ocrx_word' id='word_1_53' title='bbox 548 916 753 970; x_wconf 82' lang='lat' dir='ltr'>quarum</span> <span class='ocrx_word' id='word_1_54' title='bbox 799 915 1032 954; x_wconf 88' lang='lat' dir='ltr'>numerus</span> <span class='ocrx_word' id='word_1_55' title='bbox 1075 901 1145 955; x_wconf 88' lang='lat' dir='ltr'>est</span> <span class='ocrx_word' id='word_1_56' title='bbox 1184 918 1316 956; x_wconf 69' lang='lat' dir='ltr'>zu.</span> 
     </span>
    </p>
   </div>
   <div class='ocr_carea' id='block_1_4' title="bbox 135 1042 1819 1202">
    <p class='ocr_par' dir='ltr' id='par_1_4' title="bbox 135 1042 1819 1202">
     <span class='ocr_line' id='line_1_8' title="bbox 337 1042 1814 1120; baseline 0.005 -29"><span class='ocrx_word' id='word_1_57' title='bbox 337 1044 394 1092; x_wconf 82' lang='lat'>6.</span> <span class='ocrx_word' id='word_1_58' title='bbox 442 1042 566 1116; x_wconf 74' lang='lat' dir='ltr'>Quo</span> <span class='ocrx_word' id='word_1_59' title='bbox 603 1043 751 1111; x_wconf 79' lang='lat' dir='ltr'>igitur</span> <span class='ocrx_word' id='word_1_60' title='bbox 809 1043 972 1097; x_wconf 86' lang='lat' dir='ltr'>forma</span> <span class='ocrx_word' id='word_1_61' title='bbox 1037 1048 1214 1101; x_wconf 79' lang='lat' dir='ltr'>radicis</span> <span class='ocrx_word' id='word_1_62' title='bbox 1276 1069 1314 1104; x_wconf 74' lang='lat' dir='ltr'><strong><em>x</em></strong></span> <span class='ocrx_word' id='word_1_63' title='bbox 1376 1052 1517 1120; x_wconf 76' lang='lat' dir='ltr'>supra</span> <span class='ocrx_word' id='word_1_64' title='bbox 1582 1045 1814 1102; x_wconf 81' lang='lat' dir='ltr'>exhibita</span> 
     </span>
     <span class='ocr_line' id='line_1_9' title="bbox 135 1125 1819 1202; baseline 0 -22"><span class='ocrx_word' id='word_1_65' title='bbox 135 1141 321 1180; x_wconf 80' lang='lat' dir='ltr'>omnes</span> <span class='ocrx_word' id='word_1_66' title='bbox 362 1126 669 1197; x_wconf 88' lang='lat' dir='ltr'>aequationis</span> <span class='ocrx_word' id='word_1_67' title='bbox 712 1125 893 1177; x_wconf 83' lang='lat' dir='ltr'>radices</span> <span class='ocrx_word' id='word_1_68' title='bbox 948 1127 1091 1180; x_wconf 67' lang='lat' dir='ltr'>simul</span> <span class='ocrx_word' id='word_1_69' title='bbox 1157 1134 1557 1202; x_wconf 63' lang='lat' dir='ltr'>complectatur,</span> <span class='ocrx_word' id='word_1_70' title='bbox 1619 1127 1819 1183; x_wconf 76' lang='lat' dir='ltr'>necesse</span> 
     </span>
    </p>
   </div>
   <div class='ocr_carea' id='block_1_5' title="bbox 142 1216 1900 1977">
    <p class='ocr_par' dir='ltr' id='par_1_5' title="bbox 142 1216 1900 1977">
     <span class='ocr_line' id='line_1_10' title="bbox 144 1216 1817 1311; baseline 0.002 -21"><span class='ocrx_word' id='word_1_71' title='bbox 144 1237 233 1305; x_wconf 82' lang='lat' dir='ltr'>est,</span> <span class='ocrx_word' id='word_1_72' title='bbox 275 1247 334 1288; x_wconf 79' lang='lat' dir='ltr'>vt</span> <span class='ocrx_word' id='word_1_73' title='bbox 360 1234 770 1288; x_wconf 82' lang='lat' dir='ltr'>combinationes</span> <span class='ocrx_word' id='word_1_74' title='bbox 792 1237 1137 1291; x_wconf 80' lang='lat' dir='ltr'>terminorum</span> <span class='ocrx_word' id='word_1_75' title='bbox 1169 1217 1284 1302; x_wconf 54' lang='grc' dir='ltr'>ῧα,</span> <span class='ocrx_word' id='word_1_76' title='bbox 1306 1216 1685 1311; x_wconf 53' lang='grc' dir='ltr'>ῗῖβ,ῗῖγ,ῗκδ</span> <span class='ocrx_word' id='word_1_77' title='bbox 1710 1253 1817 1294; x_wconf 87' lang='lat' dir='ltr'>ete.</span> 
     </span>
     <span class='ocr_line' id='line_1_11' title="bbox 143 1311 1900 1398; baseline 0.002 -24"><span class='ocrx_word' id='word_1_78' title='bbox 143 1337 264 1374; x_wconf 85' lang='lat' dir='ltr'>cum</span> <span class='ocrx_word' id='word_1_79' title='bbox 310 1319 490 1372; x_wconf 75' lang='lat' dir='ltr'>litteris</span> <span class='ocrx_word' id='word_1_80' title='bbox 534 1329 574 1383; x_wconf 77' lang='lat' dir='ltr'><em>a</em></span> <span class='ocrx_word' id='word_1_81' title='bbox 602 1364 624 1396; x_wconf 94' lang='lat'><em>7</em></span> <span class='ocrx_word' id='word_1_82' title='bbox 661 1311 700 1384; x_wconf 79' lang='lat' dir='ltr'>b</span> <span class='ocrx_word' id='word_1_83' title='bbox 726 1363 748 1398; x_wconf 89' lang='grc' dir='ltr'><em>Ι</em></span> <span class='ocrx_word' id='word_1_84' title='bbox 793 1335 867 1398; x_wconf 82' lang='lat' dir='ltr'>c7</span> <span class='ocrx_word' id='word_1_85' title='bbox 911 1314 947 1385; x_wconf 65' lang='lat' dir='ltr'>b</span> <span class='ocrx_word' id='word_1_86' title='bbox 994 1336 1092 1376; x_wconf 89' lang='lat' dir='ltr'>etc.</span> <span class='ocrx_word' id='word_1_87' title='bbox 1160 1335 1300 1375; x_wconf 88' lang='lat' dir='ltr'>certo</span> <span class='ocrx_word' id='word_1_88' title='bbox 1362 1324 1587 1394; x_wconf 89' lang='lat' dir='ltr'>quodam</span> <span class='ocrx_word' id='word_1_89' title='bbox 1656 1326 1819 1380; x_wconf 90' lang='lat' dir='ltr'>modo</span> <span class='ocrx_word' id='word_1_90' title='bbox 1897 1368 1900 1370; x_wconf 89' lang='lat'>.</span> 
     </span>
     <span class='ocr_line' id='line_1_12' title="bbox 142 1404 1818 1482; baseline 0 -24"><span class='ocrx_word' id='word_1_91' title='bbox 142 1404 644 1473; x_wconf 79' lang='lat' dir='ltr'>circumscribantur,</span> <span class='ocrx_word' id='word_1_92' title='bbox 687 1419 834 1476; x_wconf 81' lang='lat' dir='ltr'>atque</span> <span class='ocrx_word' id='word_1_93' title='bbox 880 1407 1321 1475; x_wconf 71' lang='lat' dir='ltr'>combinationeS,</span> <span class='ocrx_word' id='word_1_94' title='bbox 1363 1423 1487 1479; x_wconf 85' lang='lat' dir='ltr'>quae</span> <span class='ocrx_word' id='word_1_95' title='bbox 1529 1409 1587 1462; x_wconf 87' lang='lat' dir='ltr'>ad</span> <span class='ocrx_word' id='word_1_96' title='bbox 1633 1426 1818 1482; x_wconf 78' lang='lat' dir='ltr'>aequa.</span> 
     </span>
     <span class='ocr_line' id='line_1_13' title="bbox 149 1488 1817 1562; baseline 0.002 -20"><span class='ocrx_word' id='word_1_97' title='bbox 149 1489 311 1542; x_wconf 84' lang='lat' dir='ltr'>tiones</span> <span class='ocrx_word' id='word_1_98' title='bbox 356 1488 542 1542; x_wconf 82' lang='lat' dir='ltr'>radices</span> <span class='ocrx_word' id='word_1_99' title='bbox 584 1489 1013 1561; x_wconf 83' lang='lat' dir='ltr'>repraesentandas</span> <span class='ocrx_word' id='word_1_100' title='bbox 1056 1493 1161 1545; x_wconf 89' lang='lat' dir='ltr'>sunt</span> <span class='ocrx_word' id='word_1_101' title='bbox 1206 1491 1422 1562; x_wconf 82' lang='lat' dir='ltr'>ineptae,</span> <span class='ocrx_word' id='word_1_102' title='bbox 1467 1493 1817 1547; x_wconf 83' lang='lat' dir='ltr'>excludantur.</span> 
     </span>
     <span class='ocr_line' id='line_1_14' title="bbox 149 1572 1821 1647; baseline 0.002 -20"><span class='ocrx_word' id='word_1_103' title='bbox 149 1573 237 1628; x_wconf 80' lang='lat' dir='ltr'>Ex</span> <span class='ocrx_word' id='word_1_104' title='bbox 282 1572 583 1625; x_wconf 85' lang='lat' dir='ltr'>resolutione</span> <span class='ocrx_word' id='word_1_105' title='bbox 625 1575 834 1643; x_wconf 85' lang='lat' dir='ltr'>quidem</span> <span class='ocrx_word' id='word_1_106' title='bbox 882 1578 1231 1644; x_wconf 83' lang='lat' dir='ltr'>aequationum</span> <span class='ocrx_word' id='word_1_107' title='bbox 1278 1577 1411 1627; x_wconf 83' lang='lat' dir='ltr'>tertii</span> <span class='ocrx_word' id='word_1_108' title='bbox 1453 1579 1821 1647; x_wconf 75' lang='lat' dir='ltr'>etquartigra-</span> 
     </span>
     <span class='ocr_line' id='line_1_15' title="bbox 147 1655 1821 1737; baseline 0.001 -27"><span class='ocrx_word' id='word_1_109' title='bbox 147 1657 237 1710; x_wconf 83' lang='lat' dir='ltr'>dus</span> <span class='ocrx_word' id='word_1_110' title='bbox 275 1656 487 1708; x_wconf 82' lang='lat' dir='ltr'>vidimus</span> <span class='ocrx_word' id='word_1_111' title='bbox 530 1655 658 1706; x_wconf 88' lang='lat' dir='ltr'>inter</span> <span class='ocrx_word' id='word_1_112' title='bbox 699 1657 885 1708; x_wconf 84' lang='lat' dir='ltr'>radices</span> <span class='ocrx_word' id='word_1_113' title='bbox 932 1658 1127 1708; x_wconf 86' lang='lat' dir='ltr'>vnitatis</span> <span class='ocrx_word' id='word_1_114' title='bbox 1189 1658 1411 1709; x_wconf 89' lang='lat' dir='ltr'>eiusdem</span> <span class='ocrx_word' id='word_1_115' title='bbox 1467 1660 1690 1713; x_wconf 88' lang='lat' dir='ltr'>nominis</span> <span class='ocrx_word' id='word_1_116' title='bbox 1733 1670 1772 1723; x_wconf 83' lang='grc' dir='ltr'><em>α</em></span> <span class='ocrx_word' id='word_1_117' title='bbox 1796 1703 1821 1737; x_wconf 89' lang='grc' dir='ltr'><em>Ι</em></span> 
     </span>
     <span class='ocr_line' id='line_1_16' title="bbox 149 1729 1827 1816; baseline 0.004 -27"><span class='ocrx_word' id='word_1_118' title='bbox 149 1729 189 1804; x_wconf 72' lang='grc' dir='ltr'><strong>Β</strong></span> <span class='ocrx_word' id='word_1_119' title='bbox 220 1782 244 1816; x_wconf 93' lang='grc' dir='ltr'><em>Ι</em></span> <span class='ocrx_word' id='word_1_120' title='bbox 289 1748 319 1802; x_wconf 76' lang='lat' dir='ltr'>c</span> <span class='ocrx_word' id='word_1_121' title='bbox 345 1779 359 1807; x_wconf 85' lang='lat'><em>7</em></span> <span class='ocrx_word' id='word_1_122' title='bbox 402 1731 438 1801; x_wconf 69' lang='lat' dir='ltr'>b</span> <span class='ocrx_word' id='word_1_123' title='bbox 464 1780 487 1813; x_wconf 98' lang='grc' dir='ltr'><em>Ι</em></span> <span class='ocrx_word' id='word_1_124' title='bbox 529 1753 720 1792; x_wconf 86' lang='lat' dir='ltr'>certum</span> <span class='ocrx_word' id='word_1_125' title='bbox 765 1741 1012 1808; x_wconf 81' lang='lat' dir='ltr'>quendam</span> <span class='ocrx_word' id='word_1_126' title='bbox 1058 1741 1291 1792; x_wconf 84' lang='lat' dir='ltr'>ordinem</span> <span class='ocrx_word' id='word_1_127' title='bbox 1336 1742 1562 1794; x_wconf 86' lang='lat' dir='ltr'>constitui</span> <span class='ocrx_word' id='word_1_128' title='bbox 1608 1745 1827 1814; x_wconf 84' lang='lat' dir='ltr'>debere,</span> 
     </span>
     <span class='ocr_line' id='line_1_17' title="bbox 149 1814 1833 1895; baseline 0.003 -19"><span class='ocrx_word' id='word_1_129' title='bbox 149 1814 419 1877; x_wconf 82' lang='lat' dir='ltr'>secundum</span> <span class='ocrx_word' id='word_1_130' title='bbox 462 1837 612 1890; x_wconf 86' lang='lat' dir='ltr'>quem</span> <span class='ocrx_word' id='word_1_131' title='bbox 656 1823 806 1874; x_wconf 85' lang='lat' dir='ltr'>etiam</span> <span class='ocrx_word' id='word_1_132' title='bbox 859 1823 1258 1874; x_wconf 72' lang='lat' dir='ltr'>combinationes</span> <span class='ocrx_word' id='word_1_133' title='bbox 1324 1823 1414 1875; x_wconf 80' lang='lat' dir='ltr'>sint</span> <span class='ocrx_word' id='word_1_134' title='bbox 1479 1824 1833 1895; x_wconf 82' lang='lat' dir='ltr'>perficiendae.</span> 
     </span>
     <span class='ocr_line' id='line_1_18' title="bbox 152 1903 1828 1977; baseline 0.003 -18"><span class='ocrx_word' id='word_1_135' title='bbox 152 1905 301 1960; x_wconf 84' lang='lat' dir='ltr'>Hunc</span> <span class='ocrx_word' id='word_1_136' title='bbox 340 1909 395 1957; x_wconf 87' lang='lat' dir='ltr'>in</span> <span class='ocrx_word' id='word_1_137' title='bbox 439 1903 595 1956; x_wconf 86' lang='lat' dir='ltr'>finem</span> <span class='ocrx_word' id='word_1_138' title='bbox 640 1917 811 1958; x_wconf 84' lang='lat' dir='ltr'>autem</span> <span class='ocrx_word' id='word_1_139' title='bbox 861 1905 1024 1958; x_wconf 85' lang='lat' dir='ltr'>fimilis</span> <span class='ocrx_word' id='word_1_140' title='bbox 1065 1906 1197 1958; x_wconf 91' lang='lat' dir='ltr'>ordo</span> <span class='ocrx_word' id='word_1_141' title='bbox 1242 1910 1291 1957; x_wconf 85' lang='lat' dir='ltr'>in</span> <span class='ocrx_word' id='word_1_142' title='bbox 1321 1907 1431 1977; x_wconf 74' lang='lat' dir='ltr'>ipsis</span> <span class='ocrx_word' id='word_1_143' title='bbox 1454 1909 1633 1962; x_wconf 87' lang='lat' dir='ltr'>radicis</span> <span class='ocrx_word' id='word_1_144' title='bbox 1657 1927 1828 1964; x_wconf 84' lang='lat' dir='ltr'>mem-</span> 
     </span>
    </p>
   </div>
   <div class='ocr_carea' id='block_1_6' title="bbox 155 1991 1835 2579">
    <p class='ocr_par' dir='ltr' id='par_1_6' title="bbox 333 1991 949 2016">
     <span class='ocr_line' id='line_1_19' title="bbox 333 1991 949 2016; baseline -0.002 0"><span class='ocrx_word' id='word_1_145' title='bbox 333 1991 357 2016; x_wconf 79' lang='lat'>⁷1</span> <span class='ocrx_word' id='word_1_146' title='bbox 520 1991 542 2015; x_wconf 83' lang='lat' dir='ltr'>n</span> <span class='ocrx_word' id='word_1_147' title='bbox 710 1991 736 2015; x_wconf 75' lang='lat' dir='ltr'>n</span> <span class='ocrx_word' id='word_1_148' title='bbox 927 1992 949 2015; x_wconf 83' lang='grc' dir='ltr'>Π</span> 
     </span>
    </p>

    <p class='ocr_par' dir='ltr' id='par_1_7' title="bbox 155 2006 1835 2579">
     <span class='ocr_line' id='line_1_20' title="bbox 156 2006 1828 2091; baseline 0.002 -20"><span class='ocrx_word' id='word_1_149' title='bbox 156 2017 252 2072; x_wconf 85' lang='lat' dir='ltr'>bris</span> <span class='ocrx_word' id='word_1_150' title='bbox 323 2019 459 2082; x_wconf 71' lang='lat' dir='ltr'>Va,</span> <span class='ocrx_word' id='word_1_151' title='bbox 505 2006 657 2088; x_wconf 66' lang='lat' dir='ltr'>Vss,</span> <span class='ocrx_word' id='word_1_152' title='bbox 701 2009 866 2087; x_wconf 57' lang='lat' dir='ltr'>Vv,</span> <span class='ocrx_word' id='word_1_153' title='bbox 914 2010 1019 2068; x_wconf 58' lang='lat' dir='ltr'>V&amp;</span> <span class='ocrx_word' id='word_1_154' title='bbox 1065 2029 1165 2069; x_wconf 88' lang='lat' dir='ltr'>etc.</span> <span class='ocrx_word' id='word_1_155' title='bbox 1228 2021 1320 2070; x_wconf 84' lang='lat' dir='ltr'>erit</span> <span class='ocrx_word' id='word_1_156' title='bbox 1388 2021 1663 2083; x_wconf 81' lang='lat' dir='ltr'>tenendus,</span> <span class='ocrx_word' id='word_1_157' title='bbox 1726 2035 1828 2091; x_wconf 90' lang='lat' dir='ltr'>quo</span> 
     </span>
     <span class='ocr_line' id='line_1_21' title="bbox 157 2099 1830 2175; baseline 0.001 -19"><span class='ocrx_word' id='word_1_158' title='bbox 157 2100 475 2156; x_wconf 82' lang='lat' dir='ltr'>combinatio</span> <span class='ocrx_word' id='word_1_159' title='bbox 519 2100 774 2168; x_wconf 75' lang='lat' dir='ltr'>dirigatur.</span> <span class='ocrx_word' id='word_1_160' title='bbox 865 2099 1057 2153; x_wconf 87' lang='lat' dir='ltr'>Verum</span> <span class='ocrx_word' id='word_1_161' title='bbox 1102 2101 1213 2170; x_wconf 86' lang='lat' dir='ltr'>quia</span> <span class='ocrx_word' id='word_1_162' title='bbox 1262 2118 1365 2153; x_wconf 82' lang='lat' dir='ltr'>non</span> <span class='ocrx_word' id='word_1_163' title='bbox 1405 2104 1592 2157; x_wconf 82' lang='lat' dir='ltr'>constat</span> <span class='ocrx_word' id='word_1_164' title='bbox 1646 2121 1830 2175; x_wconf 87' lang='lat' dir='ltr'>quem-</span> 
     </span>
     <span class='ocr_line' id='line_1_22' title="bbox 155 2184 1831 2256; baseline 0.003 -18"><span class='ocrx_word' id='word_1_165' title='bbox 155 2186 439 2238; x_wconf 75' lang='lat' dir='ltr'>admodum</span> <span class='ocrx_word' id='word_1_166' title='bbox 489 2185 540 2236; x_wconf 89' lang='lat' dir='ltr'>in</span> <span class='ocrx_word' id='word_1_167' title='bbox 585 2184 828 2237; x_wconf 87' lang='lat' dir='ltr'>radicibus</span> <span class='ocrx_word' id='word_1_168' title='bbox 869 2185 1174 2254; x_wconf 87' lang='lat' dir='ltr'>superiorum</span> <span class='ocrx_word' id='word_1_169' title='bbox 1229 2187 1470 2256; x_wconf 83' lang='lat' dir='ltr'>graduum</span> <span class='ocrx_word' id='word_1_170' title='bbox 1527 2187 1639 2240; x_wconf 85' lang='lat' dir='ltr'>talis</span> <span class='ocrx_word' id='word_1_171' title='bbox 1705 2187 1831 2243; x_wconf 91' lang='lat' dir='ltr'>ordo</span> 
     </span>
     <span class='ocr_line' id='line_1_23' title="bbox 161 2267 1834 2338; baseline 0.001 -17"><span class='ocrx_word' id='word_1_172' title='bbox 161 2268 222 2321; x_wconf 78' lang='lat' dir='ltr'>sit</span> <span class='ocrx_word' id='word_1_173' title='bbox 262 2267 645 2333; x_wconf 80' lang='lat' dir='ltr'>constituendu5‚</span> <span class='ocrx_word' id='word_1_174' title='bbox 682 2267 786 2319; x_wconf 91' lang='lat' dir='ltr'>hoc</span> <span class='ocrx_word' id='word_1_175' title='bbox 851 2268 954 2319; x_wconf 85' lang='lat' dir='ltr'>fine</span> <span class='ocrx_word' id='word_1_176' title='bbox 996 2268 1156 2321; x_wconf 88' lang='lat' dir='ltr'>dubio</span> <span class='ocrx_word' id='word_1_177' title='bbox 1198 2269 1386 2338; x_wconf 80' lang='lat' dir='ltr'>insigne</span> <span class='ocrx_word' id='word_1_178' title='bbox 1429 2270 1498 2321; x_wconf 90' lang='lat' dir='ltr'>est</span> <span class='ocrx_word' id='word_1_179' title='bbox 1539 2272 1834 2323; x_wconf 85' lang='lat' dir='ltr'>incommo-</span> 
     </span>
     <span class='ocr_line' id='line_1_24' title="bbox 166 2347 1832 2424; baseline 0.001 -20"><span class='ocrx_word' id='word_1_180' title='bbox 166 2351 288 2404; x_wconf 81' lang='lat' dir='ltr'>dum</span> <span class='ocrx_word' id='word_1_181' title='bbox 318 2391 333 2418; x_wconf 85' lang='lat'>‚</span> <span class='ocrx_word' id='word_1_182' title='bbox 384 2365 486 2418; x_wconf 85' lang='lat' dir='ltr'>quo</span> <span class='ocrx_word' id='word_1_183' title='bbox 537 2347 695 2401; x_wconf 81' lang='lat' dir='ltr'>forma</span> <span class='ocrx_word' id='word_1_184' title='bbox 759 2350 1073 2404; x_wconf 67' lang='lat' dir='ltr'>coniesturae</span> <span class='ocrx_word' id='word_1_185' title='bbox 1139 2356 1287 2401; x_wconf 85' lang='lat' dir='ltr'>meae</span> <span class='ocrx_word' id='word_1_186' title='bbox 1356 2351 1528 2403; x_wconf 81' lang='lat' dir='ltr'>innixa</span> <span class='ocrx_word' id='word_1_187' title='bbox 1594 2352 1832 2424; x_wconf 86' lang='lat' dir='ltr'>laborat,</span> 
     </span>
     <span class='ocr_line' id='line_1_25' title="bbox 166 2431 1835 2509; baseline 0.001 -24"><span class='ocrx_word' id='word_1_188' title='bbox 166 2434 302 2507; x_wconf 79' lang='lat' dir='ltr'>quod</span> <span class='ocrx_word' id='word_1_189' title='bbox 347 2433 495 2502; x_wconf 84' lang='lat' dir='ltr'>igitur</span> <span class='ocrx_word' id='word_1_190' title='bbox 536 2446 796 2485; x_wconf 84' lang='lat' dir='ltr'>remouere</span> <span class='ocrx_word' id='word_1_191' title='bbox 841 2433 892 2485; x_wconf 90' lang='lat' dir='ltr'>in</span> <span class='ocrx_word' id='word_1_192' title='bbox 933 2432 1026 2486; x_wconf 87' lang='lat' dir='ltr'>hac</span> <span class='ocrx_word' id='word_1_193' title='bbox 1065 2431 1401 2489; x_wconf 79' lang='lat' dir='ltr'>differtatione</span> <span class='ocrx_word' id='word_1_194' title='bbox 1445 2436 1577 2489; x_wconf 89' lang='lat' dir='ltr'>mihi</span> <span class='ocrx_word' id='word_1_195' title='bbox 1616 2437 1684 2490; x_wconf 86' lang='lat' dir='ltr'>est</span> <span class='ocrx_word' id='word_1_196' title='bbox 1708 2452 1835 2509; x_wconf 57' lang='lat' dir='ltr'>proq</span> 
     </span>
     <span class='ocr_line' id='line_1_26' title="bbox 168 2517 413 2579; baseline -0.012 -6"><span class='ocrx_word' id='word_1_197' title='bbox 168 2517 413 2579; x_wconf 69' lang='lat' dir='ltr'>positum.</span> 
     </span>
    </p>
   </div>
   <div class='ocr_carea' id='block_1_7' title="bbox 169 2643 1840 2813">
    <p class='ocr_par' dir='ltr' id='par_1_8' title="bbox 169 2643 1840 2813">
     <span class='ocr_line' id='line_1_27' title="bbox 364 2643 1840 2724; baseline 0.012 -28"><span class='ocrx_word' id='word_1_198' title='bbox 364 2656 424 2710; x_wconf 91' lang='lat'>7.</span> <span class='ocrx_word' id='word_1_199' title='bbox 469 2643 698 2702; x_wconf 86' lang='lat' dir='ltr'>Primum</span> <span class='ocrx_word' id='word_1_200' title='bbox 743 2659 913 2703; x_wconf 86' lang='lat' dir='ltr'>autem</span> <span class='ocrx_word' id='word_1_201' title='bbox 957 2653 1241 2724; x_wconf 77' lang='lat' dir='ltr'>conueniet,</span> <span class='ocrx_word' id='word_1_202' title='bbox 1282 2656 1512 2712; x_wconf 82' lang='lat' dir='ltr'>ordinem</span> <span class='ocrx_word' id='word_1_203' title='bbox 1557 2668 1749 2713; x_wconf 87' lang='lat' dir='ltr'>certum</span> <span class='ocrx_word' id='word_1_204' title='bbox 1785 2657 1840 2712; x_wconf 81' lang='lat' dir='ltr'>in</span> 
     </span>
     <span class='ocr_line' id='line_1_28' title="bbox 169 2728 1839 2813; baseline 0.007 -29"><span class='ocrx_word' id='word_1_205' title='bbox 169 2728 413 2784; x_wconf 59' lang='lat' dir='ltr'>zadicibus</span> <span class='ocrx_word' id='word_1_206' title='bbox 455 2729 667 2784; x_wconf 86' lang='lat' dir='ltr'>cuiusuis</span> <span class='ocrx_word' id='word_1_207' title='bbox 712 2734 963 2803; x_wconf 85' lang='lat' dir='ltr'>potestatis</span> <span class='ocrx_word' id='word_1_208' title='bbox 1005 2751 1076 2789; x_wconf 85' lang='lat' dir='ltr'>ex</span> <span class='ocrx_word' id='word_1_209' title='bbox 1119 2739 1305 2794; x_wconf 83' lang='lat' dir='ltr'>vnitate</span> <span class='ocrx_word' id='word_1_210' title='bbox 1350 2743 1643 2796; x_wconf 84' lang='lat' dir='ltr'>constituere</span> <span class='ocrx_word' id='word_1_211' title='bbox 1671 2784 1685 2810; x_wconf 89' lang='lat'>‚</span> <span class='ocrx_word' id='word_1_212' title='bbox 1738 2756 1839 2813; x_wconf 87' lang='lat' dir='ltr'>quo</span> 
     </span>
    </p>
   </div>
   <div class='ocr_carea' id='block_1_8' title="bbox 166 2813 1840 2983">
    <p class='ocr_par' dir='ltr' id='par_1_9' title="bbox 166 2813 1840 2983">
     <span class='ocr_line' id='line_1_29' title="bbox 166 2813 1836 2898; baseline 0.007 -30"><span class='ocrx_word' id='word_1_213' title='bbox 166 2813 365 2898; x_wconf 65' lang='lat' dir='ltr'>summa</span> <span class='ocrx_word' id='word_1_214' title='bbox 407 2813 700 2888; x_wconf 83' lang='lat' dir='ltr'>plerumque</span> <span class='ocrx_word' id='word_1_215' title='bbox 744 2821 954 2874; x_wconf 77' lang='lat' dir='ltr'>varietas</span> <span class='ocrx_word' id='word_1_216' title='bbox 1002 2822 1439 2880; x_wconf 83' lang='lat' dir='ltr'>combinationum</span> <span class='ocrx_word' id='word_1_217' title='bbox 1507 2827 1836 2894; x_wconf 74' lang='lat' dir='ltr'>restringatur.</span> 
     </span>
     <span class='ocr_line' id='line_1_30' title="bbox 251 2896 1840 2983; baseline 0.005 -31"><span class='ocrx_word' id='word_1_218' title='bbox 251 2897 303 2976; x_wconf 66' lang='lat' dir='ltr'>T</span> <span class='ocrx_word' id='word_1_219' title='bbox 305 2913 412 2954; x_wconf 88' lang='lat' dir='ltr'>om.</span> <span class='ocrx_word' id='word_1_220' title='bbox 425 2896 528 2955; x_wconf 88' lang='lat' dir='ltr'>IX.</span> <span class='ocrx_word' id='word_1_221' title='bbox 544 2898 687 2959; x_wconf 87' lang='lat' dir='ltr'>Nou.</span> <span class='ocrx_word' id='word_1_222' title='bbox 698 2897 907 2960; x_wconf 86' lang='lat' dir='ltr'>Comm.</span> <span class='ocrx_word' id='word_1_223' title='bbox 1274 2908 1321 2963; x_wconf 84' lang='lat' dir='ltr'>K</span> <span class='ocrx_word' id='word_1_224' title='bbox 1668 2908 1840 2983; x_wconf 79' lang='lat' dir='ltr'>Quem</span> 
     </span>
    </p>
   </div>
  </div>
 </body>
</html>
