2342 3554
742 279 1327 347 PISC’IVM.
1721 297 1846 352 445

167 437 408 493 dietatem
463 439 591 512 quali
658 437 919 493 infractum
945 476 962 504 ‚
1028 435 1209 506 partim
1285 433 1527 488 maxillae
1600 432 1845 487 inferioris

158 526 439 592 marginem
490 522 637 594 presse
679 523 954 576 comitatur
981 554 997 584 ‚
1049 521 1237 590 partim
1281 521 1343 571 ab
1389 518 1576 571 eodem
1609 531 1659 569 et
1689 533 1841 587 oper-

154 606 268 660 culo
333 609 636 678 aliquantum
699 604 933 674 recedit⁷
998 603 1326 656 extremitate
1395 603 1557 653 antica
1632 601 1836 653 musculi

154 690 410 746 cuiusdam
440 736 454 761 ,
506 692 567 744 de
612 707 713 761 quo
756 689 956 743 inferius
1012 689 1179 742 sermo
1221 687 1314 738 crit
1343 720 1358 750 ,
1433 685 1573 738 lateri
1641 685 1844 736 interno

154 786 206 826 et
247 776 481 829 maxillae
524 775 717 844 limbo,
761 774 881 827 laxo
925 774 1177 827 mediante
1222 786 1358 823 nexu
1384 808 1399 835 ,
1454 767 1838 841 interpositum,

152 859 344 928 postica
384 859 611 926 ossiculi,
660 861 793 930 quod
841 857 1163 911 accessorium
1207 855 1346 925 supra
1392 854 1575 907 vocaui
1606 893 1621 921 ‚
1681 853 1835 905 inter-

153 958 224 984 no
267 944 477 1002 margini
515 944 806 1008 contiguum
838 961 855 1014 3
894 943 1162 996 secundum
1195 982 1209 1010 ‚
1279 939 1486 991 tertium
1523 981 1541 1008 ,
1607 950 1834 1008 quartum

151 1027 204 1067 et
247 1017 476 1084 quintum
502 1056 516 1081 ,
562 1018 786 1089 parallela
831 1027 956 1072 inter
998 1026 1042 1073 fe
1086 1024 1364 1088 sursumque
1407 1033 1659 1076 recuruata
1689 1061 1705 1088 ‚
1750 1018 1836 1071 sub

150 1098 400 1149 anteriore
443 1102 600 1166 primi
645 1116 785 1170 parte
830 1101 931 1156 suas
973 1102 1162 1155 habent
1207 1100 1389 1152 radices
1415 1138 1429 1163 ,
1475 1104 1835 1163 craffiuscnlas,

149 1178 277 1231 inter
342 1177 389 1232 se
433 1194 823 1248 conuergenteS,
868 1184 1118 1253 firmoque
1160 1182 1272 1236 satis
1318 1198 1453 1234 nexu
1497 1179 1833 1244 coniunstaS,

150 1262 374 1333 apicibus
412 1279 536 1316 vero
576 1263 737 1334 spinae
790 1263 1091 1333 triangularis
1142 1264 1265 1333 parti
1309 1264 1534 1315 inferiori
1564 1299 1578 1318 ‚
1641 1263 1835 1314 eidem-

149 1363 246 1418 que
290 1347 602 1420 marginali,
645 1347 961 1417 inseruntur3
1009 1347 1205 1400 sextum
1250 1360 1308 1396 ac
1350 1343 1623 1414 septimum
1689 1345 1833 1398 deni-

145 1448 242 1503 que
267 1469 282 1495 ,
324 1432 504 1487 itidem
549 1433 669 1485 inter
711 1431 755 1483 se
799 1429 1032 1501 parallela
1057 1466 1071 1492 ‚
1115 1441 1167 1482 et
1211 1427 1416 1480 notabili
1462 1444 1488 1481 a
1531 1430 1834 1497 praeceden-

145 1516 273 1579 tibus
314 1515 577 1570 interuallo
618 1513 840 1567 distantia
869 1551 886 1572 ‚
951 1514 1013 1568 ad
1070 1514 1212 1567 sterni
1275 1511 1640 1583 prominentiae
1707 1512 1834 1566 latus

144 1602 248 1653 suas
290 1599 451 1670 figunt
490 1599 677 1654 radIces
703 1641 720 1667 ‚
762 1599 827 1652 ab
867 1597 1072 1652 illorum
1113 1597 1351 1651 radicibus
1389 1595 1542 1666 longe
1583 1607 1836 1665 remorata,

142 1684 420 1756 sursumque
460 1684 634 1738 leuiter
679 1698 936 1737 recuruata
962 1725 976 1752 ‚
1017 1682 1193 1736 iisdem
1236 1681 1444 1751 propius
1487 1679 1660 1734 sensim
1685 1696 1831 1735 acce-

144 1768 311 1837 dunt,
357 1769 665 1840 tandemque
706 1769 765 1822 ad
812 1770 992 1838 pinnae
1036 1766 1304 1838 pectoralis
1348 1764 1474 1818 basin
1520 1767 1572 1817 in
1626 1765 1831 1835 apices„

142 1853 553 1924 praecedentium
599 1853 821 1924 apicibus
861 1851 969 1905 satis
1009 1850 1205 1905 vicinos·
1230 1893 1243 1917 ‚
1288 1849 1488 1903 abeunt.
1579 1848 1829 1924 Quamuis

142 1939 198 1988 in
244 1935 579 1990 describendis
617 1938 843 2005 partibus
888 1938 1108 1988 externis
1151 1936 1214 1988 ad
1254 1933 1493 1987 musculos
1518 1974 1531 1999 ‚
1589 1946 1827 2002 tanquam

140 2019 205 2075 ad
249 2019 501 2088 internata,
556 2032 659 2071 non
704 2015 1029 2087 respiciatur,
1095 2017 1343 2086 singularis
1390 2028 1558 2068 tamen
1603 2016 1654 2067 in
1720 2015 1823 2070 hoc

144 2105 271 2175 pisce
315 2103 631 2157 officulorum
678 2102 999 2155 membranae
1041 2099 1444 2169 branchiostegae
1488 2098 1827 2170 compositio⁹

144 2184 582 2255 musculorumque
604 2227 618 2252 ‚
663 2185 723 2236 ad
764 2188 838 2235 ea'
867 2185 1116 2237 mouenda
1152 2183 1511 2237 destinatorum
1541 2223 1556 2248 ,
1599 2182 1826 2236 distribu-

146 2269 221 2323 tio
264 2285 348 2321 me
393 2280 644 2334 mouent,
690 2276 746 2319 vt
800 2266 894 2322 hac
961 2267 1218 2321 occasione
1285 2265 1583 2319 breuiffimis
1635 2278 1821 2322 eorum

146 2353 372 2420 iniiciam
422 2353 756 2417 mentionem.
853 2351 1081 2425 Quatuor
1125 2363 1295 2404 autem
1340 2349 1662 2402 obseruantur
1704 2367 1823 2405 mu·

141 2436 300 2503 sculi,
364 2433 613 2493 fisciales:
682 2449 809 2489 Vnus
859 2432 1124 2504 eleuato‘r‚
1191 2448 1288 2488 tres
1314 2475 1329 2500 ,
1383 2434 1464 2505 qui
1507 2435 1816 2505 deprimunt.

142 2522 368 2588 Primu5‚
412 2539 562 2591 quem
607 2537 706 2592 pro
747 2521 1000 2574 eleuatore
1042 2519 1229 2588 habeO,
1272 2519 1329 2573 ad
1373 2516 1630 2572 summum
1666 2534 1820 2588 oper-

142 2606 242 2660 culi
292 2607 575 2677 marginem
619 2618 760 2658 ortus
786 2646 803 2676 ,
855 2603 1052 2675 oblique
1119 2603 1408 2671 descendit,
1473 2614 1524 2655 et
1588 2601 1773 2656 officuli
1800 2645 1816 2673 ‚

113 2690 352 2744 -fduobus
376 2691 591 2745 cruribus
614 2688 852 2743 instructi
876 2733 891 2759 ,
918 2689 1034 2742 -bafi
1078 2689 1353 2759 inseritur-3·-
1381 2687 1639 2754 secundus,
1669 2703 1816 2757 prae·

138 2776 336 2829 cedenti
380 2774 534 2845 triplo
579 2777 778 2842 maior,
821 2775 880 2828 ad
928 2784 1160 2827 mentum
1204 2773 1409 2840 oritur,
1454 2784 1546 2840 et,
1611 2770 1812 2839 oblique

142 2858 428 2916 transuerso·
469 2860 554 2918 sub
618 2860 843 2930 decursu,
910 2856 1226 2915 officulorum
1256 2898 1273 2928 ‚
1323 2857 1482 2930 quarti
1517 2864 1573 2914 et
1610 2852 1765 2925 quinti
1793 2895 1812 2922 ,

148 2961 152 2965 ’
206 2973 219 2996 a
471 2940 483 2943 ’
512 2977 535 3000 .
979 2941 1029 3001 Κ
1052 2941 1088 3002 k
1109 2941 1145 3000 k
1190 2953 1221 3006 3
1673 2933 1811 2992 forte
