2342 3554
460 301 1472 370 METEOROLOGICAE
1677 323 1789 376 411

122 467 256 521 fliete
301 464 567 519 debiliores
610 474 661 516 et
710 459 980 514 admodum
1019 455 1287 514 variabiles,
1327 456 1458 528 quod
1502 455 1604 510 hoc
1651 475 1801 513 men·-

125 553 175 603 se
222 549 331 603 fieri
380 549 516 603 solet.
639 544 840 602 Scilicet
889 546 943 593 6.
991 541 1088 595 W.
1149 549 1201 597 8.
1250 542 1319 596 O.
1362 547 1419 593 6.
1442 539 1493 594 S.
1541 546 1596 592 6.
1624 542 1697 596 N.
1745 536 1798 596 22

122 633 225 690 fine
271 644 448 687 vento·

301 718 401 773 Hic
447 714 624 771 menfis
664 712 770 767 stitis
813 713 902 777 fnit
946 712 1171 770 serenus,¹
1219 727 1371 782 quum
1426 727 1500 775 19
1564 710 1668 764 dies
1692 709 1805 764 fne-

119 803 219 857 rint
264 801 461 870 sereni,
508 800 678 870 reliqui
744 796 933 860 nubili,
1004 797 1166 850 niuosi
1236 811 1283 848 et
1349 795 1506 866 plinii
1641 795 1802 850 Pluuii

120 902 310 957 nempe
362 901 453 938 10.
505 899 600 936 20.
645 894 699 935 et
749 897 839 934 22.
932 879 1026 935 Sed
1087 896 1328 951 qvantitas
1369 881 1566 950 pluuiae
1621 881 1803 949 exigua

119 971 231 1023 fuit.
320 967 525 1025 Glacies
563 966 737 1023 Neuae
779 967 860 1019 die
906 984 962 1031 9.
1008 964 1161 1018 soluta
1234 965 1305 1017 est
1335 1006 1350 1034 ,
1423 963 1804 1018 thermometro

119 1069 269 1107 mane
319 1066 453 1121 147.
501 1071 555 1124 p.
604 1068 680 1106 m.
738 1054 881 1116 126,
929 1062 1087 1103 vento
1132 1048 1278 1103 SW.
1371 1049 1562 1120 Aprilis
1604 1066 1650 1114 9.
1699 1047 1804 1100 fere

121 1135 315 1187 medius
359 1135 429 1186 est
474 1137 714 1188 terminus
757 1136 1033 1203 temporiS,
1074 1150 1175 1202 quo
1219 1134 1401 1204 glacies
1448 1133 1623 1188 Neuae
1666 1131 1804 1184 abire

117 1217 243 1272 solet
272 1259 288 1288 ‚
356 1215 613 1269 maximus
658 1216 794 1266 enim
858 1217 1100 1267 terminus
1153 1220 1213 1268 ad
1264 1217 1362 1268 huc
1411 1218 1479 1268 est
1521 1219 1652 1284 Apr.
1708 1217 1802 1264 26.

119 1301 210 1372 qui
251 1300 329 1353 bis
373 1298 590 1354 occurrit
643 1297 705 1351 ab
751 1313 796 1348 a.
851 1304 1000 1359 1718
1072 1298 1131 1349 ad
1180 1297 1277 1348 hoc
1331 1311 1533 1367 tempus
1563 1336 1578 1361 ‚
1624 1296 1807 1350 scilicet

128 1397 307 1450 1739.
355 1397 404 1438 et
437 1399 633 1453 1742·⁷
685 1380 927 1435 minimus
951 1380 1104 1433 Mart.
1154 1394 1245 1434 22.
1300 1382 1383 1449 qui
1430 1380 1581 1432 semel
1628 1395 1805 1433 occur-

118 1469 185 1524 rit
229 1454 406 1536 1723.
496 1466 638 1541 Ergo
681 1466 961 1518 differentia
1006 1464 1075 1514 est
1125 1477 1223 1529 35.
1267 1462 1461 1518 dierum
1517 1475 1568 1518 et
1610 1464 1806 1522 medius

121 1554 252 1611 inter
303 1553 441 1608 diem
490 1557 545 1605 8.
589 1561 642 1602 et
684 1567 740 1619 9.
796 1545 984 1620 Aprilis
1025 1540 1212 1602 incidit,

841 1700 1153 1778 Maius,

316 1825 474 1883 Venti
515 1825 925 1883 vehementiores
956 1830 1089 1883 fiiere
1124 1827 1176 1881 d.
1210 1841 1280 1891 19
1332 1840 1422 1879 20.
1446 1823 1549 1879 W.
1576 1841 1637 1891 3.
1661 1832 1715 1878 et
1739 1820 1803 1893 41

119 1909 228 1967 Die
274 1925 366 1978 17.
422 1916 770 1967 barometrum
839 1928 946 1966 erat
991 1931 1085 1978 27.
1101 1927 1197 1978 95.
1246 1923 1297 1963 et
1351 1909 1680 1966 descendebat
1738 1909 1804 1963 ad

119 1997 255 2050 diem
303 1997 586 2066 sequentem
641 1994 704 2047 ad
776 2010 913 2060 27.3
930 2011 956 2060 5
992 2032 1008 2062 ‚
1069 2001 1275 2048 durante
1321 2011 1445 2045 vero
1513 2005 1675 2046 vento
1739 1991 1808 2046 ad

128 2084 279 2145 27.6
289 2087 340 2135 8.
408 2082 567 2134 tutius
615 2077 874 2132 adscendit.
993 2080 1040 2132 T
1044 2077 1291 2148 empestas
1322 2076 1426 2134 ,fnit
1468 2075 1636 2148 pluuia
1678 2090 1799 2129 cum

122 2165 377 2235 grandine.
463 2161 622 2215 Venti
664 2161 803 2213 lenes
843 2161 943 2215 W.
995 2180 1088 2215 21.
1134 2176 1182 2214 et
1225 2161 1295 2215 O.
1339 2179 1395 2229 4.

317 2253 443 2308 Dies
485 2254 642 2307 sereni
686 2253 834 2306 huius
897 2256 1075 2308 mensis
1145 2256 1278 2308 fuere
1343 2255 1565 2326 viginti,
1630 2252 1800 2325 reliqui

123 2339 229 2392 dies
269 2337 424 2391 nubili
469 2350 520 2390 et
563 2337 725 2407 pluuii
764 2378 779 2407 ,
844 2338 1000 2409 pluuii
1045 2338 1225 2392 scilicet
1267 2339 1318 2391 d.
1371 2348 1459 2394 18.
1526 2338 1693 2408 pluuia
1739 2354 1799 2404 4.
1899 2397 1905 2401 ,

123 2423 277 2476 lineas
319 2421 453 2490 alta,
495 2422 574 2474 die
626 2438 718 2488 19.
769 2437 819 2475 2.
864 2423 949 2475 lin.
998 2426 1050 2476 d.
1101 2438 1192 2476 20.
1240 2423 1327 2476 lin.
1376 2439 1425 2476 2.
1515 2423 1651 2474 Tota
1707 2422 1806 2492 igi·

124 2504 202 2560 lut·
241 2505 455 2559 altitudo
498 2505 697 2579 pluuiae
741 2505 843 2558 hoc
891 2508 1058 2559 menssz
1104 2507 1265 2577 lapsae
1311 2504 1405 2559 fuit
1474 2519 1670 2559 tantum
1748 2514 1802 2562 8.

124 2589 373 2644 linearum
403 2629 421 2659 ,
464 2589 563 2645 siue
602 2588 803 2662 pollicis
845 2591 1041 2645 dimidii
1084 2592 1226 2663 pedis
1268 2591 1462 2646 Parisini
1504 2603 1553 2645 et
1592 2593 1801 2646 duarum

126 2674 389 2729 linearum.

324 2753 536 2812 Grando
603 2776 761 2832 pauca
807 2761 856 2815 d.
910 2776 1000 2817 12.
1057 2762 1189 2815 inter
1248 2761 1301 2815 h.
1353 2778 1445 2816 10.
1487 2774 1540 2816 et
1588 2778 1680 2816 11,
1723 2775 1806 2814 ce·

129 2841 287 2909 cidit,
330 2842 551 2916 itemque
589 2845 640 2900 d.
691 2861 784 2900 20.
832 2863 949 2901 cum
994 2846 1161 2917 pluuia
1205 2859 1345 2901 antea
1389 2849 1616 2903 indicata.

924 2962 1067 3019 Fff
1129 2979 1164 3018 α
1667 2959 1803 3017 Halo
