2342 3554
502 333 625 392 354-
820 319 977 378 DE
1062 319 1818 380 AGGERIBVS

498 473 550 527 A
598 470 658 524 ad
698 468 743 523 B
783 474 1024 543 peruenit,
1071 491 1172 526 non
1222 475 1269 525 in
1315 486 1545 527 mentem
1596 472 1812 525 incidere
1859 488 1960 525 non
1984 470 2164 544 potuit,

497 570 729 625 aggerem
778 558 914 610 reeh}
964 560 1023 610 ab
1071 557 1115 609 B
1156 558 1215 609 ad
1259 557 1305 609 E
1350 559 1512 626 potius
1540 603 1554 627 ,
1623 574 1772 625 quam
1840 574 1928 627 per
2002 569 2168 627 partes

497 642 627 693 intus
665 655 922 710 vergentes
963 639 1079 704 BC,
1128 640 1261 694 CD,
1306 640 1420 694 DE
1466 645 1804 711 continuare3
1853 643 2038 711 quippe
2066 656 2166 710 quo

501 724 664 777 modo
710 725 919 778 breuiori
964 741 1136 795 aggere
1197 725 1323 777 adeo
1391 729 1550 779 maius
1615 726 1819 796 spatium
1890 724 2164 778 inclufiffet.

498 806 637 879 Quin
688 807 787 859 hoc
853 812 1053 861 nouerit
1118 809 1480 880 ArchitecftuS,
1548 811 1867 880 quantumuis
1908 823 2165 861 caeterum

499 889 654 948 sufflet
696 887 1032 962 Geometriae
1076 894 1207 947 rudis
1232 933 1244 952 ,
1285 893 1495 948 dubltari
1538 895 1674 948 nullo
1716 895 1877 947 modo
1919 892 2101 964 potest.

694 1078 750 1128 4.
801 1057 956 1115 Causa
1001 1062 1147 1133 igitur
1187 1064 1371 1118 subesse
1413 1067 1587 1137 debet,
1637 1082 1722 1120 cur
1764 1062 1925 1134 potius
1948 1062 2166 1116 trastum

498 1139 636 1196 hunc
683 1144 947 1199 infradtum
993 1145 1161 1201 ΑΒΕ
1178 1149 1308 1216 DE,
1359 1168 1511 1220 quam
1577 1150 1733 1202 alium
1799 1161 2160 1216 quemcunque,

499 1224 553 1278 in
597 1230 873 1281 extruendo
915 1246 1099 1298 aggere
1142 1233 1197 1284 fit
1242 1232 1465 1302 secutus;
1512 1245 1687 1302 atque,
1725 1229 1812 1282 ets]
1856 1245 2038 1282 omnes
2080 1245 2164 1281 ra-

501 1311 659 1363 tiones
701 1309 1080 1364 Architesturae
1126 1315 1427 1368 maritimae.
1454 1316 1581 1368 mihi
1627 1330 1729 1367 non
1785 1312 1888 1365 suut
1957 1314 2164 1382 perspe-

499 1393 650 1466 &ae,
699 1394 821 1447 haec
868 1407 1038 1447 tamen
1083 1398 1216 1450 causa
1263 1400 1523 1451 mamfesto
1566 1401 1617 1451 in
1661 1398 1818 1467 figura
1862 1409 2018 1449 terrae
2062 1395 2163 1448 for.

500 1479 631 1531 tuito
674 1477 896 1548 aggestae
941 1477 1026 1529 fita
1069 1481 1300 1531 videtur:
1370 1498 1519 1550 agger
1558 1487 1696 1536 enim
1768 1480 2002 1534 constitui
2070 1494 2178 1531 ne·-

497 1562 648 1632 quit,
708 1560 794 1612 nifi
841 1559 924 1612 vbi
966 1572 1092 1614 terra
1137 1561 1276 1632 supra
1317 1563 1524 1616 fundum
1571 1567 1721 1617 maris
1764 1566 1865 1616 iam
1907 1564 2014 1616 satis
2056 1563 2164 1615 fue-

496 1643 562 1697 rit
627 1641 815 1695 eleuata
859 1655 909 1697 et
951 1643 1272 1700 confirmata.
1406 1647 1540 1701 Loca
1587 1649 1736 1718 igitur
1775 1644 1840 1718 B,
1884 1643 1952 1717 C,
1999 1644 2055 1700 D
2098 1648 2164 1701 ita

494 1727 725 1780 videntur
766 1740 1057 1798 comparata
1084 1771 1097 1797 ‚
1164 1744 1220 1783 vt
1283 1732 1420 1801 regio
1464 1734 1692 1795 exterior
1722 1775 1738 1804 ,
1797 1734 1867 1785 ob
1910 1731 2162 1791 defezstum

496 1810 630 1864 fundi
676 1810 968 1874 sufficientis,
993 1829 1229 1882 aggerem
1277 1817 1496 1886 recipere
1543 1835 1646 1870 non
1674 1817 1914 1888 potuerit.
1983 1816 2165 1891 Quod-

497 1892 533 1949 fi
576 1910 699 1964 ergo
739 1895 896 1948 reeras
937 1894 1088 1950 lineas
1126 1896 1255 1963 AB,
1287 1897 1414 1971 BC,
1441 1898 1574 1968 Cr),
1602 1901 1718 1956 DE
1770 1917 1826 1954 vt
1851 1902 2031 1953 limites
2055 1903 2163 1970 spe-

500 1977 696 2030 &temus
737 2018 752 2046 ‚
805 1979 928 2030 vltra
984 1996 1103 2046 quos
1166 1998 1398 2049 aggerem
1473 2001 1738 2035 remouere
1802 2001 1901 2035 non
1972 1985 2160 2052 liceat,

496 2061 635 2113 causa
681 2060 927 2114 manifesta
970 2060 1078 2132 est,
1124 2064 1190 2115 ob
1216 2080 1364 2133 quam
1410 2066 1725 2119 Architee'tus
1767 2081 1999 2135 aggerem
2027 2067 2167 2118 iuxta

499 2142 584 2196 has
622 2141 748 2213 ipsus
788 2143 940 2198 lineas
983 2147 1330 2216 constituerit3
1379 2149 1618 2218 simulque
1676 2147 1987 2217 persprcuum
2046 2149 2118 2201 est
2146 2190 2163 2218 ,

497 2243 668 2280 arcum
713 2226 852 2279 illum
899 2227 1191 2282 circularem
1225 2271 1240 2300 ,
1289 2233 1367 2300 qui
1415 2233 1612 2301 aequale
1666 2234 1871 2302 spatium
1941 2232 2165 2283 include-

498 2323 575 2364 ret
603 2353 618 2381 ,
662 2309 746 2363 hic
789 2311 1010 2363 adhiberi
1052 2330 1153 2364 non
1201 2316 1402 2383 potuis-le
1431 2356 1444 2382 ‚
1500 2329 1766 2387 propterea
1809 2315 1940 2387 quod
1982 2314 2164 2369 alicubi

498 2394 624 2448 vltra
666 2393 758 2448 hos
798 2395 979 2449 limites
1020 2398 1224 2451 extendi
1267 2399 1517 2453 debuisset.

699 2577 754 2627 5.
802 2560 856 2617 Si
896 2564 1034 2618 enim
1077 2568 1277 2637 vspiam
1325 2566 1419 2621 hos
1464 2570 1648 2624 limites
1691 2568 1976 2640 transgredi·
2002 2566 2172 2622 licuis-

499 2645 601 2717 stt,
669 2648 897 2717 equidem
940 2665 1040 2701 non
1086 2651 1139 2702 in
1186 2652 1287 2704 hoc
1331 2654 1685 2708 Archited'cum
1724 2655 2164 2725 reprehenderem,-

500 2731 633 2801 quod
680 2746 912 2799 aggerem
957 2749 1055 2785 non
1101 2735 1357 2789 secundum
1416 2755 1591 2792 arcum
1664 2741 1958 2793 circularem
1988 2779 2005 2808 ‚
2072 2738 2158 2804 qui

500 2815 697 2885 aequale
742 2814 951 2884 spanum
999 2816 1271 2871 includerer
1298 2861 1312 2890 ‚
1354 2824 1552 2876 duxerit
1578 2865 1591 2889 ,
1646 2822 1721 2874 sed
1769 2825 1936 2893 potius
2005 2822 2160 2889 ideo,

500 2899 640 2970 quod
683 2914 791 2954 uon
831 2899 1075 2954 eiusmodi
1117 2916 1285 2958 arcum
1332 2905 1477 2977 super
1520 2909 1670 2962 corda
1713 2908 1765 2962 A
1790 2909 1838 2964 E
1891 2905 2164 2961 constitue-

2058 3004 2121 3047 nt
2148 3029 2166 3060 ‚
