2342 3554
390 276 845 340 ASTRONOM.
901 278 998 337 ET
1059 279 1503 341 METEOROL.
1668 291 1783 353 483

122 429 468 486 bai-ometrum
513 431 907 503 phosporescens
934 467 949 497 ‚
1015 446 1042 485 a
1085 431 1368 487 dodriffimo
1413 432 1603 487 artifice
1670 451 1794 487 con-

121 515 364 569 stiusturn
392 558 407 585 ‚
446 533 705 570 recuruum
753 518 806 569 in
852 530 990 587 parte
1059 512 1278 570 inferiori
1322 534 1442 570 cum
1490 520 1639 570 bulbo
1705 535 1791 570 an-

121 615 295 666 nex0,
341 599 393 652 in
437 617 539 672 quo
582 598 852 671 superficies
895 600 1132 655 Mercurii
1174 601 1358 671 stagnat
1387 643 1402 671 ‚
1471 615 1524 654 et
1569 602 1793 653 constan-

119 694 223 737 tem
265 688 519 740 terminum
555 702 591 740 a
633 700 723 759 quo
766 685 1094 756 computandi
1144 686 1428 739 altitudines
1495 687 1790 739 bzirometri

118 782 205 821 cas
247 768 617 836 subministrat,
669 771 752 841 qui
797 782 913 823 tunc
981 769 1271 823 constitutus
1337 769 1469 836 fuit,
1540 770 1659 822 dum
1723 769 1785 824 ad

118 853 345 906 mediam
391 853 704 908 altitudinem
751 853 1029 909 Mercurius
1067 856 1115 908 in
1181 854 1476 908 *barometro
1546 853 1790 906 haereret.

117 932 388 990 Diameter
429 938 627 992 luminis
671 938 805 992 bulbi
851 939 902 991 in
958 941 1165 1009 regione
1206 934 1482 1010 superficiei
1554 937 1794 992 Mercurii

114 1019 378 1086 stagnantis
418 1022 488 1075 est
541 1040 640 1095 10,
685 1036 737 1077 et
778 1022 882 1077 ¹tubi
926 1023 1243 1077 barome‘trici
1290 1025 1345 1075 in
1387 1023 1598 1094 'regione
1643 1022 1797 1075 (calae

113 1103 403 1155 variationis
447 1115 523 1166 εξ.
565 1108 653 1159 lin.
725 1105 868 1160 Paris.
933 1107 1206 1161 ‘duodecim
1235 1122 1253 1180 ς
1321 1107 1454 1161 vnde
1516 1106 1792 1160 sedtionum

114 1200 256 1239 areae
303 1184 407 1239 sunt
452 1187 504 1240 in
544 1188 735 1240 ratione
786 1195 953 1242 16:11.
1061 1187 1201 1244 Scala
1271 1190 1563 1244 *variationis
1630 1191 1795 1243 addita

114 1269 186 1322 est
229 1270 507 1324 orichalcea
551 1287 668 1324 cum
715 1271 876 1324 indice
920 1269 1138 1340 mobili,
1177 1274 1476 1325 diuisionem
1527 1275 1677 1328 Nonii
1720 1287 1797 1327 re-

114 1352 334 1412 ferente,
397 1356 536 1410 cuius
608 1370 705 1426 ope
747 1357 1110 1409 obseruationes
1159 1356 1479 1410 altitudinum
1555 1357 1795 1411 Mercurii

113 1440 395 1494 commode
444 1439 611 1512 peragi
659 1438 856 1509 possunt
883 1479 900 1508 ‚
960 1435 1089 1512 ipsas
1132 1448 1309 1494 tamen
1355 1440 1670 1509 altitudines,
1732 1441 1798 1496 ad

117 1523 416 1579 diuisionem
459 1525 610 1578 scalae
652 1522 782 1577 istius
824 1521 1027 1596 quidem
1072 1522 1379 1596 consignatas
1404 1568 1419 1594 ‚
1471 1522 1522 1578 in
1576 1524 1799 1581 mensura

110 1608 365 1664 'Parisiensi
409 1607 747 1664 duodecimali
792 1606 1005 1679 expressi
1035 1649 1050 1675 ,
1117 1609 1248 1681 pede
1299 1626 1389 1661 12.
1433 1610 1651 1680 digitos,
1717 1609 1800 1663 di·

112 1695 225 1765 ¹gito
275 1710 365 1746 12.
411 1696 563 1749 lineas
593 1729 608 1759 ‚
654 1692 780 1745 linea
823 1707 990 1747 autem
1039 1706 1118 1760 ’24-
1184 1695 1429 1765 ‘scrupulos
1471 1694 1797 1767 capientibus3

112 1795 270 1850 quem
341 1779 393 1832 in
458 1778 611 1832 finem
682 1793 782 1848 ope
828 1778 1082 1831 mensurae
1137 1779 1402 1831 parisiensis
1444 1777 1677 1832 exastam
1724 1779 1801 1832 di-

121 1863 435 1917 mensionem
479 1879 506 1916 a
553 1863 778 1915 termino
822 1880 849 1915 a
893 1879 997 1933 quo
1042 1865 1177 1934 (upra
1221 1877 1395 1916 notato
1442 1878 1597 1934 vsque
1633 1864 1695 1916 ad
1724 1863 1801 1915 di-

120 1947 338 2000 visiones
381 1947 529 2000 scalae
574 1942 782 2016 perfeci.
867 1945 1220 2000 Barometrum
1271 1947 1370 1998 hoc
1418 1948 1685 2017 suspensum
1732 1947 1803 2001 est

117 2031 248 2085 intra
292 2028 523 2084 conclaue
565 2046 661 2100 pro
700 2029 816 2082 anni
862 2031 1160 2100 tempestate
1204 2029 1538 2095 calef-astum,
1584 2045 1648 2081 ne
1707 2047 1804 2083 va-

118 2114 356 2166 riationes
396 2114 575 2166 caloris
617 2125 668 2163 et
712 2113 948 2182 frigoris,
998 2129 1117 2182 quas
1159 2131 1242 2166 aer
1281 2127 1518 2166 ‘externus
1569 2114 1682 2166 alias
1730 2120 1804 2168 iu-

117 2198 191 2250 bit
227 2236 240 2254 ‚
282 2196 558 2249 altitudines
601 2193 957 2247 barometricas
1009 2197 1296 2248 sensibiliter
1361 2198 1599 2265 turbent3
1668 2200 1805 2251 tidie*

123 2281 268 2336 stum
340 2292 512 2333 tamen
566 2278 635 2331 est
676 2278 1099 2332 'thermome'trum
1145 2295 1212 2332 ex
1256 2280 1493 2333 diuisione
1536 2283 1593 2335 de
1634 2279 1802 2349 l'Isle,

125 2379 183 2419 'vt
230 2363 530 2417 variationes
572 2362 707 2416 aeris
736 2365 923 2416 interni
964 2364 1118 2416 etiam
1173 2365 1549 2418 innotescerent.
1648 2362 1808 2421 Locus

122 2449 247 2520 ipse,
273 2465 421 2521 quern
466 2448 644 2501 >bulbus
687 2446 964 2501 barometri
991 2463 1217 2518 occupat,
1243 2449 1455 2501 eleuatus
1480 2450 1548 2503 est
1573 2454 1802 2521 423ped.

126 2533 378 2588 mensurae
422 2529 689 2587 Parifienfis
729 2533 866 2602 super
910 2531 1255 2603 pauimentum
1302 2534 1494 2603 plateae
1551 2535 1807 2609 Hemersss

120 2619 174 2671 in
219 2618 400 2670 vicinia
445 2617 622 2670 antliae
691 2616 920 2686 publicae
987 2634 1148 2687 prope
1195 2618 1415 2670 aedificia
1485 2620 1760 2673 exstrue'iae
1789 2661 1804 2688 ‚

121 2718 338 2772 quorum
382 2701 670 2772 prospefius
709 2700 777 2754 est
822 2702 872 2754 in
921 2701 1219 2754 orientalem
1267 2702 1396 2754 coeli
1443 2703 1656 2773 plagam.
1684 2703 1805 2771 (Sub

117 2785 197 2840 his
239 2786 620 2840 circumstantiis
664 2783 860 2857 sequens
901 2785 1085 2840 Tabula
1123 2787 1373 2840 summam
1400 2788 1802 2843 obseruationum

114 2872 355 2944 exponit.

939 2952 978 3009 P
1003 2972 1038 3027 p
1066 2971 1100 3026 p
1150 2971 1182 3006 2
1535 2952 1802 3032 Temporis
