2342 3554
395 256 799 321 OBSERVAT.
854 248 1252 314 ECLIPSEOS
1301 249 1582 315 LVNAE.
1704 268 1822 331 49³

353 410 612 487 Quantitas
653 407 905 480 Eclipseos
947 407 1007 461 ad
1047 404 1300 460 decimam
1371 408 1561 459 sextam
1629 409 1825 463 circiter

161 507 358 570 partem
396 496 626 549 diametri
670 495 839 547 Lunae
863 493 1065 545 extendi
1088 491 1463 556 aestimabatur,
1508 489 1586 544 seu
1610 493 1827 563 aliquan-

165 594 272 634 tum
327 582 521 651 maior,
563 594 712 650 quam
756 577 827 634 est
873 576 1014 630 tertia
1057 591 1167 646 pars
1204 574 1455 629 distantiae
1499 574 1769 655 Tychonis
1804 592 1834 631 a

165 664 330 719 limbo
373 665 560 719 Lunae.

346 747 406 801 In
449 750 628 801 vmbra
669 745 882 799 terrestri
934 744 1115 798 limbus
1178 742 1353 798 Lunae
1423 757 1514 813 per
1581 743 1828 813 integram

163 831 389 903 Eclipfin
433 833 625 904 semper
667 833 873 898 clarior,
907 846 1058 902 quam
1103 828 1288 901 reliqua
1335 828 1558 881 eiusdem
1601 844 1714 900 pars
1736 831 1835 883 ob-

162 914 346 970 scurata
372 961 387 986 ,
431 917 497 971 est
542 918 681 970 visus.

365 1002 500 1055 Finis
541 999 793 1071 Eclipseos
830 1000 960 1054 bene
999 998 1068 1052 est
1109 996 1405 1052 obseruatus·
1471 990 1611 1048 Initii
1658 1007 1837 1052 tamen

166 1095 219 1135 et
261 1086 517 1137 maximae
563 1086 916 1138 obscurationis
957 1097 1008 1138 et
1048 1082 1260 1154 egreffus
1300 1079 1609 1151 penumbrae
1653 1097 1681 1133 e
1706 1081 1842 1134 disco

164 1162 339 1223 Lunae
386 1180 615 1238 tempora
657 1168 765 1221 sunt
807 1171 955 1224 dubia
997 1171 1127 1222 intra
1177 1179 1432 1223 minutum
1484 1165 1732 1240 temporis
1787 1172 1840 1220 et

169 1251 405 1322 amplius⁴

869 1409 1167 1496 *²¹³*

174 1581 414 1666 Anno
474 1582 705 1679 1760.
755 1581 940 1658 Iunii
998 1607 1062 1657 2.
1122 1577 1244 1657 die
1321 1606 1543 1682 mane
1612 1573 1694 1660 st.
1759 1603 1836 1660 v,

284 1692 664 1802 Petropoli
761 1695 838 1772 in
926 1690 1428 1772 obseruatorio
1500 1691 1731 1774 obser4

547 1824 721 1884 vata
789 1801 896 1886 est
955 1803 1252 1914 Eclipfis
1302 1807 1486 1886 Solis

1004 2002 1036 2042 a

257 2108 336 2165 Ν.
398 2104 670 2163 POPOW
725 2115 774 2161 et
817 2102 1151 2164 ANDREA
1192 2097 1767 2167 KRASILNIKOW.

333 2222 542 2282 Initium
588 2226 843 2296 Eclipseos
885 2224 1062 2280 accidit

589 2301 905 2386 9''.1s.44ss
949 2323 1184 2380 tempore
1229 2322 1357 2364 vero

834 2394 1117 2448 obseruatio
1160 2393 1360 2449 exaita.

336 2478 550 2554 Reliqua
593 2478 752 2534 nubes
792 2479 1171 2535 interuenientes
1213 2479 1546 2550 impediuere.

555 2555 751 2621 11¹⁹.2‘
834 2563 1046 2640 Eclipfis
1088 2579 1190 2618 non
1235 2565 1453 2635 amplius
1491 2566 1593 2620 iam

1185 2649 1433 2723 apparuit.

893 2901 1006 2980 Qq
1027 2917 1061 2977 q
1101 2914 1135 2969 a
1538 2891 1849 2961 ECLIPSIS
