2342 3554
512 322 635 374 404
790 296 1904 366 OBSERVATIONES

689 460 845 534 Quod
913 459 946 513 fi
990 473 1146 530 porro
1188 455 1312 510 haec
1355 452 1564 507 altitudo
1608 452 1753 506 huius
1797 453 1912 508 anni
1959 453 2174 507 minima

505 559 829 615 comparetur
873 561 987 598 cum
1033 542 1285 595 altitudine
1329 541 1543 593 minima
1588 540 1825 590 omnium
1873 537 2033 592 adhuc
2078 539 2176 593 ob-

505 629 843 683 seruatarum:
912 627 1257 697 conspicitur,
1327 625 1454 677 hanc
1519 623 1683 675 eidem
1754 622 1848 676 effe
1895 625 2175 693 aequalem.

502 711 648 768 Nam
695 715 923 767 omnium
973 712 1187 766 minima
1234 709 1392 763 adhuc
1437 708 1506 762 est
1561 715 1655 762 28.
1684 715 1754 763 18
1796 707 1934 778 pedis
1957 706 2176 762 Londin-

501 798 598 851 siue
648 802 722 847 26
770 811 820 851 et
875 798 971 850 fere
1034 804 1097 859 ξδ’-5
1164 795 1303 864 pedis
1370 786 1582 846 Parifiniss
1714 793 1856 847 Haec
1912 792 2013 846 iam
2084 792 2177 845 ob-

497 882 797 935 seruata·est
848 898 1021 947 1729.
1070 878 1310 933 Oc'tobris
1358 893 1456 942 12,
1502 878 1726 949 adeoque
1770 893 1884 931 ante
1942 892 2038 943 29.
2082 894 2176 931 an—

500 981 591 1017 nos
619 1007 633 1032 ,
676 978 728 1018 et
773 967 906 1036 quod
953 965 1191 1018 excurrit.
1282 962 1475 1016 Merito
1518 963 1672 1033 igitur
1711 963 1998 1016 mirandum
2045 961 2177 1015 intra
2235 1004 2240 1008 .

501 1062 695 1103 tantum
742 1051 985 1122 temporis
1027 1049 1244 1120 spatium
1291 1046 1475 1100 nullam
1521 1046 1620 1100 effe
1665 1049 1977 1101 obseruatam
2004 1083 2020 1110 ,
2091 1047 2177 1109 n-ifi

499 1133 603 1186 hoc
647 1151 809 1200 anno,
855 1151 977 1206 quae
1021 1135 1092 1187 illi
1134 1131 1255 1185 effet
1300 1131 1530 1201 aequalis.
1618 1128 1889 1184 Caeterum
1916 1144 1983 1181 ex
2012 1128 2180 1182 obser-

499 1219 782 1272 vationibus
825 1217 1223 1272 antecedentibus
1271 1212 1514 1280 constatr‘
1547 1213 1861 1266 altitudinem
1915 1213 2174 1266 summam

498 1301 887 1355 barometricam
932 1302 995 1353 ab
1038 1314 1174 1371 anno
1233 1310 1387 1371 1737
1435 1295 1689 1351 Decemb.
1746 1292 1838 1362 24.
1880 1296 1940 1349 ad
1987 1312 2174 1350 annum

505 1400 677 1454 1750,
705 1387 926 1454 adeoque
951 1397 1190 1451 tempore
1222 1395 1290 1441 13
1343 1396 1618 1446 annorum,
1662 1380 1887 1435 manliffe
1934 1381 2171 1448 eandem,

496 1470 682 1523 scilicet
726 1482 913 1534 30.95
969 1467 1107 1537 pedis
1145 1463 1312 1516 Lond.
1361 1464 1456 1517 siue
1500 1467 1603 1516 sere
1646 1482 1824 1530 29.01
1862 1465 2002 1536 pedis
2030 1462 2175 1518 Paris.

492 1554 573 1606 sed
629 1567 786 1628 1750
834 1550 1034 1606 creuisse
1079 1552 1142 1605 ad
1190 1563 1409 1620 29.10‚
1455 1561 1507 1603 et
1550 1565 1684 1603 anno
1729 1549 2047 1621 praecede-nti
2114 1550 2178 1605 ad

498 1650 716 1704 29.12.·

675 1764 736 1821 In
781 1765 937 1839 spatio
980 1764 1125 1836 igitur
1169 1760 1460 1816 variationis
1503 1757 1828 1814 altitudinum
1880 1758 2180 1815 barometri-

491 1866 664 1905 carum
707 1853 1077 1905 obseruationes
1118 1847 1260 1901 huius
1304 1848 1421 1899 anni
1469 1846 1598 1900 nihil
1645 1857 1840 1899 mutant
1868 1881 1885 1912 ‚
1933 1844 2014 1899 sed
2060 1862 2177 1900 ma-

493 1947 580 1986 net
620 1936 781 1990 adhuc
831 1952 884 1987 2.
910 1950 990 1996 70
1012 1976 1026 2000 ‚
1070 1933 1151 1985 vel
1179 1946 1280 1999 71,
1306 1930 1404 1981 fiue
1434 1930 1672 1998 pollicum
1702 1930 1919 1981 duorum
1947 1943 1998 1981 et
2022 1929 2178 1982 linea-

492 2033 605 2071 rum
658 2026 740 2086 εξ,
787 2018 863 2069 vti
906 2015 1120 2069 altitudo
1163 2012 1330 2064 media
1381 2024 1475 2075 27.
1506 2022 1603 2077 77,
1649 2010 1745 2062 siue
1795 2010 2037 2079 pollicum
2083 2010 2177 2064 Pa.

493 2102 570 2164 ris.
618 2102 799 2173 viginti
841 2101 1038 2171 septem
1085 2109 1134 2149 et
1178 2095 1419 2149 linearum
1469 2096 1572 2147 fere
1618 2108 1824 2146 nouem.

691 2216 1050 2272 Differentiae
1097 2214 1378 2268 menstruae
1423 2209 1744 2263 altitudinum
1793 2204 1973 2258 harum
2017 2206 2054 2259 fi
2100 2207 2181 2260 in-

491 2306 755 2378 spiciantur
785 2346 800 2371 ,
846 2312 1012 2372 patet,
1055 2314 1137 2352 eas
1169 2339 1186 2370 ‚
1228 2297 1305 2350 vti
1346 2294 1488 2363 alia5‚
1537 2291 1786 2346 mensibus
1829 2289 2012 2343 mediis
2041 2332 2058 2360 ,
2100 2292 2180 2344 in-

491 2390 668 2463 primis
713 2387 898 2450 luniO,
965 2382 1100 2437 lulio
1127 2426 1141 2452 ,
1212 2381 1440 2451 Augusto
1473 2420 1488 2448 ,
1530 2377 1626 2430 esse
1685 2377 1911 2430 minores
1938 2416 1954 2445 ,
2025 2391 2175 2446 quam

494 2473 738 2527 mensibus
787 2470 962 2541 primis
1003 2481 1055 2522 et
1100 2466 1293 2520 vltimis
1319 2507 1336 2532 ‚
1407 2479 1533 2535 quae
1579 2462 1666 2516 lex
1712 2461 1907 2530 semper
1950 2457 2178 2527 obtinet,

493 2559 580 2611 nisi
625 2553 1022 2609 extraordinaria
1054 2551 1352 2622 tempestas
1414 2549 1559 2602 faciat
1628 2546 1987 2616 exceptionem
2014 2580 2030 2608 ,
2094 2543 2176 2597 vti

489 2642 574 2695 hic
645 2640 938 2694 Februarius
969 2678 984 2706 ,
1052 2652 1208 2707 quum
1258 2634 1527 2706 tempestas
1572 2630 1712 2684 solito
1757 2628 1967 2683 calidior
2010 2627 2173 2681 fuerit.

491 2724 794 2780 Differentia
863 2737 989 2774 vero
1056 2735 1220 2773 annua
1295 2735 1351 2772 2.
1395 2727 1473 2786 48
1520 2713 1805 2772 admodum
1851 2729 2031 2782 magna
2075 2711 2174 2781 est,

492 2822 545 2863 et
588 2806 1006 2871 extraordinaria,
1043 2804 1162 2857 dum
1207 2819 1233 2855 a
1279 2805 1510 2857 maxima
1558 2812 1717 2864 2.70
1762 2810 1956 2851 tantum
1984 2805 2049 2860 5²3²„
2072 2794 2174 2848 dif-

489 2893 583 2951 fert
608 2938 624 2967 ,
665 2892 763 2950 siue
811 2891 974 2945 minus
1016 2903 1169 2960 quam
1213 2886 1369 2943 lineas
1415 2901 1547 2961 ῑτεε,
1587 2885 1665 2940 vti
1707 2882 1956 2941 menstrua
2003 2880 2174 2934 mense

1939 2962 2173 3020 Decem-
