2342 3554
594 278 1402 345 ΜΑοΝΕΤισα
1711 311 1833 366 3„

1260 438 1281 462 ᾶ

171 445 405 519 augendo
445 456 612 500 autem
646 465 692 516 y
760 448 890 504 vltra
947 448 1169 503 limitem
1220 499 1236 520 2
1307 499 1323 522 ³
1351 492 1365 519 ‚
1410 447 1468 503 fit
1507 443 1619 506 xm
1656 455 1837 529 imagi·

175 534 362 588 narium
391 574 406 600 ,
450 533 581 585 vnde
624 548 787 585 ramus
829 534 911 587 hic
953 534 1005 586 in
1049 532 1240 604 punito
1283 533 1326 586 L
1369 538 1678 590 terminatur.

366 633 532 692 Curua
572 630 732 710 itaque¹
794 639 1001 709 quaesita
1060 640 1269 694 dustum
1315 639 1469 694 habet
1516 639 1834 714 RBLAS,

169 721 438 794 similisque
482 723 584 776 eius
627 739 737 793 pars
763 758 780 789 ‚
829 725 987 794 qualis
1029 725 1254 778 deorsum
1279 767 1292 792 ,
1339 725 1488 778 etiam
1536 726 1672 798 supra
1712 729 1835 783 axin

172 805 352 860 sursum
394 806 558 873 cadit,
603 807 734 874 quod
780 809 1030 861 monmffe
1071 808 1276 876 sufficit,
1322 825 1439 863 cum
1485 812 1569 865 sub
1607 812 1837 877 confide-

169 892 418 945 rationem
464 889 679 943 nostram
726 890 845 945 haec
884 909 995 963 pars
1036 909 1140 946 non
1183 893 1345 947 cadat.

365 1005 538 1061 Dusta
581 1008 678 1060 iam
723 1008 856 1062 red’ca
912 1009 1168 1064 indefinita
1235 1009 1277 1065 F
1290 1002 1343 1062 G
1371 1051 1387 1077 ,
1455 1010 1539 1064 axi
1590 1006 1702 1064 AC
1743 1027 1832 1084 pa·

167 1089 334 1144 rallela
359 1129 375 1149 ,
416 1090 607 1158 duplex
649 1093 869 1144 accidere
911 1095 1071 1163 potest
1114 1095 1281 1148 casus:
1329 1092 1414 1146 vel
1452 1094 1589 1157 enim
1619 1113 1667 1166 y
1692 1135 1708 1161 ,
1754 1111 1833 1148 re-

161 1183 274 1237 stae
322 1180 422 1238 FG
466 1183 768 1253 respondens
793 1224 808 1249 ,
849 1188 1013 1240 minus
1056 1190 1126 1241 est
1167 1180 1281 1261 ς-ξπ
1311 1228 1326 1254 ,
1395 1195 1479 1247 vel
1521 1184 1614 1247 hac
1680 1208 1833 1264 quan-

163 1268 303 1322 titate
345 1265 528 1319 maiuS.
611 1265 787 1319 Primo
854 1266 962 1319 casu
1027 1271 1242 1337 quinque
1283 1275 1459 1325 dantur
1502 1276 1688 1344 punaesta
1714 1316 1729 1341 ‚
1775 1275 1830 1328 in
1907 1322 1910 1324 ,

163 1350 336 1424 quibus
377 1353 455 1419 fg
521 1365 725 1402 curnam
802 1347 1077 1404 RBLAS
1140 1362 1190 1403 et
1255 1353 1450 1407 rectam
1517 1356 1607 1410 lK
1670 1356 1828 1426 secat,

160 1433 346 1506 punCta
390 1449 573 1504 nempe
616 1442 676 1499 t,
717 1449 781 1499 s,
820 1449 891 1495 v,
933 1448 966 1486 r
992 1476 1007 1503 ,
1052 1453 1104 1489 w
1130 1476 1144 1501 ‚
1185 1437 1319 1490 vnde
1359 1437 1395 1491 fi
1460 1439 1705 1510 punctum
1777 1441 1825 1498 C

158 1534 438 1590 percurrere
466 1531 676 1588 ponatur
701 1516 886 1573 restam
917 1517 1004 1590 fg
1037 1536 1065 1573 a
1114 1519 1284 1573 dextra
1332 1521 1494 1576 versus
1538 1525 1778 1580 finistram
1808 1564 1826 1594 ,

159 1604 217 1656 ad
260 1611 283 1654 t
326 1607 423 1654 erit
449 1605 552 1668 vis,
587 1616 679 1671 qua
723 1599 1000 1655 sollicitatur
1046 1601 1205 1656 versus
1235 1601 1279 1673 f
1297 1644 1313 1669 ‚
1370 1608 1634 1676 maxima,
1683 1612 1743 1662 ad
1779 1619 1824 1682 p

157 1685 283 1739 nulla
311 1721 326 1742 ,
369 1685 429 1737 ad
473 1701 500 1738 s
545 1685 767 1736 maxima
812 1684 968 1736 versus
999 1703 1041 1755 g
1076 1725 1092 1751 ‚
1158 1687 1220 1738 ad
1278 1703 1315 1739 v
1357 1690 1568 1742 minima
1606 1731 1623 1760 ,
1691 1692 1749 1744 ad
1792 1706 1824 1746 r

154 1767 340 1825 rursum
386 1768 614 1821 maxima
644 1807 662 1836 ‚
706 1766 766 1819 ad
809 1779 843 1836 q
890 1769 1051 1821 denuo
1095 1768 1221 1821 nulla
1249 1804 1264 1835 ,
1314 1772 1622 1845 tandemque
1667 1775 1730 1828 ad
1770 1791 1822 1832 w

152 1851 307 1911 rursus
350 1853 576 1905 maxima
607 1893 621 1919 ‚
665 1850 731 1903 ast
772 1851 949 1905 iterum
995 1854 1155 1905 versus
1181 1851 1228 1926 f
1257 1853 1462 1910 diredta.

349 1965 401 2019 Si
446 1968 545 2019 iam
590 1967 789 2019 vlterius
831 1967 1044 2021 crescere
1085 1980 1299 2038 ponatur
1323 1989 1369 2037 y
1395 2014 1411 2038 ‚
1456 1972 1551 2026 fiue
1596 1971 1630 2025 fi
1686 1974 1822 2029 resta

135 2051 180 2121 J
187 2067 228 2120 g
265 2065 406 2102 motu
452 2050 536 2103 fibi
583 2050 818 2119 parallelo
861 2050 924 2101 ab
967 2066 1059 2103 axe
1105 2066 1464 2120 remoueatur,
1514 2054 1693 2123 punCta
1740 2058 1822 2108 in-

151 2133 494 2186 terit-&ionum
539 2149 564 2188 s
592 2174 606 2203 ,
652 2148 690 2185 v
721 2172 734 2190 ‚
772 2147 801 2186 r
834 2175 847 2198 ‚
890 2139 1129 2188 continuo
1172 2136 1231 2187 ad
1276 2134 1322 2188 se
1379 2137 1590 2191 inuicem
1663 2140 1823 2208 magis

161 2226 414 2292 tragisque
457 2229 694 2275 accedunt
725 2265 739 2287 ‚
779 2225 1007 2296 factoque
1030 2220 1286 2305 ytrss
1313 2272 1329 2299 ,
1383 2232 1479 2285 fiue
1547 2232 1822 2288 transeunte

153 2307 287 2359 reita
319 2307 405 2378 fg
451 2321 538 2374 per
582 2304 826 2375 punstum
873 2307 958 2366 L,
999 2310 1125 2364 inter
1167 2314 1215 2365 se
1259 2308 1321 2366 et*
1360 2331 1476 2367 cum
1537 2318 1725 2387 puncsto
1773 2317 1819 2371 L

150 2388 532 2443 confunduntur.
641 2390 894 2457 Augendo
938 2408 1062 2445 vero
1097 2412 1131 2462 y
1171 2396 1332 2450 adhuc
1398 2405 1522 2452 vltra
1556 2400 1815 2457 ‘limitem

155 2475 257 2556 ᾖς
292 2525 305 2550 ,
350 2481 533 2552 pund‘ta
577 2483 982 2541 mterseecionum
1019 2528 1033 2553 ,
1071 2504 1103 2542 r
1141 2503 1194 2543 et
1232 2509 1258 2546 s
1288 2535 1303 2562 ‚
1341 2491 1504 2546 rectae
1544 2495 1634 2565 fg
1658 2535 1670 2558 ,
1693 2513 1810 2561 cum

150 2580 292 2640 parte
333 2582 505 2619 curuae
548 2563 751 2634 BLA‚
798 2566 920 2622 fiunt
966 2571 1273 2642 imaginaria.
1356 2578 1408 2630 A
1454 2580 1677 2635 termino
1720 2583 1810 2642 ita·

148 2680 244 2733 que
266 2681 309 2730 y
357 2651 550 2737 :523
578 2706 594 2730 ‚
636 2681 788 2735 Vsque
832 2671 882 2720 in
931 2665 1202 2741 infinitum,
1225 2689 1327 2728 non
1353 2675 1483 2728 cadit
1520 2676 1570 2731 in
1596 2674 1809 2747 spatium

150 2745 416 2816 NBAM,
462 2749 548 2805 mfi
594 2749 798 2803 vnicum
846 2752 1136 2808 maximum
1167 2791 1183 2822 ‚
1242 2757 1578 2813 intersectione
1641 2760 1810 2814 rest-ae

148 2828 254 2899 FG
320 2849 437 2907 cum
500 2831 636 2890 reita
675 2832 773 2893 11<
797 2873 813 2902 ,
849 2836 901 2902 in
943 2838 1140 2908 punem
1182 2841 1273 2914 V,
1316 2843 1722 2919 determinatum.

427 2917 429 2920 ’
971 2920 1070 2975 Tt
1118 2938 1153 2975 2
1652 2925 1806 2980 Vale·
