2342 3554
526 307 650 363 444
879 287 1699 348 DESCRIPTIO

520 442 663 495 valde
707 441 986 512 prominet.
1049 440 1212 497 Habet
1254 453 1420 494 autem
1466 438 1550 493 hic
1593 436 1874 507 musculus,
1923 456 1988 495 ex
2012 440 2198 498 onata-'r'

518 528 762 596 oblongus
786 566 798 585 ,
843 527 923 579 seu
981 527 1149 596 potius
1215 524 1692 594 amygdalaeformis
1720 564 1736 593 ,
1804 541 1860 578 ac
1922 529 2195 583 secundum

519 612 744 681 corporis
809 610 1179 679 longitudinem
1243 608 1512 678 extensae,
1577 611 1716 662 suum
1773 609 1893 662 duas
1933 611 2088 664 lineas
2129 614 2196 666 ab

519 696 619 749 oris
662 694 844 764 angulo
889 694 1193 764 principium
1222 737 1237 763 ,
1283 693 1417 764 quod
1462 693 1690 748 latiorem
1735 705 1788 746 et
1827 695 2044 748 anticam
2095 696 2202 749 eius

519 780 902 832 extremitatem
944 779 1238 847 constituit,
1279 778 1597 832 insertionem
1642 794 1766 833 veto
1828 777 1895 831 ad>
1952 779 2196 850 posticum

520 863 742 933 operculi
787 862 1117 932 marginem,
1176 863 1238 915 ad
1307 861 1602 917 cleu-andum
1667 864 1964 933 operculum
2025 875 2076 916 et
2120 864 2200 916 in-

519 945 666 1001 simul
732 948 1081 1000 membranam
1144 944 1571 1019 branchiostegam
1600 988 1619 1022 ,
1683 946 1783 1002 fine
1848 947 2002 1001 dubio
2043 945 2204 1019 effotf

522 1044 702 1086 matus.

705 1112 1009 1169 Membrana
1055 1116 1470 1188 branchiostega‚
1512 1118 1684 1188 ampla
1728 1117 1876 1171 valde
1903 1153 1925 1179 ,.
1962 1132 1991 1168 a
2031 1115 2202 1184 suapte«

524 1213 618 1252 mo
661 1215 717 1252 ac
764 1199 957 1268 postico
1001 1202 1224 1271 operculi
1269 1202 1451 1270 angulo
1491 1201 1550 1252 ad
1595 1200 1746 1252 sterni
1804 1199 2200 1268 prominentiam

524 1297 679 1352 Vsque
721 1281 820 1334 late
862 1283 1059 1335 extensa
1084 1324 1103 1353 ,
1147 1283 1360 1338 officulis
1399 1282 1589 1353 septem
1612 1323 1626 1349 ‚
1673 1282 1762 1334 situ
1804 1296 1862 1331 ac
1915 1279 2078 1332 forma
2128 1280 2202 1333 inu

526 1378 604 1418 ter
652 1363 696 1417 se
735 1366 1152 1433 discrepantibuS,
1200 1368 1483 1434 duobusque
1527 1376 1783 1434 praeterea
1830 1361 2073 1416 Mercurii
2097 1368 2204 1417 vit-

523 1450 668 1518 gulae
710 1463 810 1499 non
855 1447 1152 1501 absimilibus
1193 1448 1412 1501 cruribus
1455 1445 1643 1515 offeiS,
1712 1461 1780 1500 ex
1835 1446 2076 1516 supremo
2142 1463 2205 1500 ac

521 1532 718 1601 postico
784 1531 925 1602 ipsius
997 1531 1181 1601 angulo
1243 1531 1649 1602 prouenien-tibus
1672 1573 1688 1600 ,
1734 1529 2035 1605 ‚sustentatum
2122 1530 2210 1588 De

521 1615 601 1668 his
646 1615 816 1685 primo
855 1615 1120 1684 dicemu5‚
1164 1615 1479 1671 officulorum
1505 1654 1521 1680 ,
1566 1616 1784 1687 proprie·
1827 1615 2005 1669 tal-ium
2033 1657 2056 1686 ,
2116 1632 2207 1688 ge-

524 1715 641 1753 nera
668 1740 684 1770 ,
729 1716 885 1753 vnum
929 1702 1039 1771 post
1082 1699 1297 1754 alterum
1329 1744 1344 1770 ,
1380 1701 1550 1773 postea.
1592 1700 1960 1772 pertractat-uri.
2035 1701 2205 1755 Prodit

525 1800 710 1855 nempe
753 1801 783 1837 e
827 1783 947 1838 loco
1004 1785 1164 1838 modo
1207 1786 1347 1840 dicto
1388 1786 1647 1840 officulum
1713 1799 1862 1840 tenue
1888 1828 1906 1855 ,.
1967 1785 2131 1840 statim
2177 1801 2210 1840 a

526 1868 624 1922 basl
653 1909 668 1934 ,
739 1869 993 1938 versatili,
1049 1869 1100 1921 in
1146 1871 1247 1925 duo
1288 1888 1422 1925 crura
1467 1870 1734 1942 inaequalis
1777 1870 2103 1940 longitudinis
2147 1884 2206 1924 ac

525 1954 731 2005 modice
773 1970 976 2005 recurua
1021 1954 1234 2006 diuisum
1265 1994 1279 2019 ‚
1321 1971 1532 2022 quorum
1581 1956 1798 2006 exterius
1825 1993 1841 2018 ‚
1887 1955 2080 2022 longius
2110 1955 2204 2020 ,in

529 2049 726 2105 partem
772 2035 1098 2088 membranae
1144 2034 1546 2102 branchiostegae
1590 2034 1941 2104 triangularem
1967 2077 1981 2102 ,
2048 2035 2211 2106 spinae

529 2118 683 2173 instar
717 2161 731 2186 ,
795 2118 935 2186 supra
995 2118 1180 2188 pinnae
1249 2118 1510 2187 pectoralis
1564 2118 1735 2184 basin,
1780 2119 2208 2186 prominentem,

529 2201 633 2255 abit
661 2241 675 2266 ‚
721 2202 1032 2270 eandemque
1078 2201 1254 2270 fulcit,
1303 2201 1542 2266 interiuS,
1590 2202 1780 2253 breuius
1809 2240 1825 2266 ,
1877 2199 1959 2254 sub
2021 2201 2211 2272 angulo

530 2284 677 2338 valde
721 2298 865 2338 acuto
891 2323 908 2350 ‚
952 2286 1081 2354 prius
1121 2285 1296 2336 deserit
1322 2326 1338 2351 ,
1377 2283 1604 2354 aliudque
1661 2283 1918 2338 officulum
1949 2325 1967 2353 ‚
2035 2298 2208 2346 extre-

530 2369 708 2424 mitate
752 2369 980 2421 inferiore
1022 2370 1233 2421 secundo
1278 2368 1606 2422 membranae
1648 2367 2049 2439 branchiostegae
2091 2365 2208 2423 offi-

532 2453 649 2506 culo
693 2454 804 2507 laxe
848 2453 1146 2507 incumbens
1172 2495 1187 2524 ‚
1232 2465 1468 2523 tanquam
1514 2453 1836 2506 accessorium
1867 2495 1884 2524 ,
1927 2451 2010 2507 sub
2053 2465 2209 2525 angu-

531 2538 584 2591 lo
628 2537 799 2591 obtuso
865 2538 1085 2608 recipit,
1147 2539 1279 2607 quod
1350 2553 1446 2590 vna
1516 2554 1634 2591 cum
1693 2536 1912 2591 cruribus
1954 2537 2204 2610 virgulam

533 2621 774 2676 Mercurii
805 2622 881 2673 ‘iat
923 2621 1044 2674 bene
1088 2621 1267 2675 referre
1311 2621 1441 2675 mihi
1510 2622 1666 2676 visum
1718 2622 1805 2676 est.
1918 2622 2074 2699 Quod
2142 2619 2207 2677 ad

531 2706 631 2776 ipsa
680 2704 1005 2758 membranae
1047 2705 1457 2777 branchiostegae
1504 2706 1702 2760 officula
1755 2706 1974 2774 attinet,
2030 2708 2206 2786 omnia

532 2791 732 2855 tenuia,
774 2788 1003 2857 gracilia,
1048 2802 1102 2842 et
1143 2789 1354 2859 aequalis
1396 2790 1496 2844 fere
1540 2792 1673 2844 inter
1723 2791 1767 2843 se
1810 2791 2036 2859 craffitiei
2079 2791 2198 2849 sunt:

532 2873 756 2948 primum
783 2915 800 2942 ‚
840 2872 1039 2932 caeteris
1080 2873 1274 2946 longius
1300 2914 1316 2945 ‚
1361 2876 1557 2934 testum
1582 2917 1598 2950 ‚
1643 2886 1694 2931 et
1736 2874 1873 2952 supra
1915 2876 2064 2951 ipsius
2088 2890 2204 2927 me-

2047 2958 2207 3014 dieta-
