2342 3554
482 316 600 370 350
797 293 1782 360 ΕΧΡΕΚῙΜΕΜΤΑ

684 447 739 504 Si
807 467 932 503 vero
977 455 1077 504 iam
1119 451 1264 520 ipsius
1305 449 1349 503 B
1392 448 1545 502 iudex
1590 446 1874 501 intenfitatis
1913 444 2139 516 crescat,'

482 548 533 587 et
577 535 666 590 fiat
711 535 1134 607 ῑσῑᾶ-ι-μ,
1174 537 1269 586 erit

631 619 916 672 sollicitatio

634 727 689 780 111
732 728 926 796 punem
970 746 1019 799 v
1056 745 1125 778 ε
1327 733 1406 785 -÷-
1437 705 1588 798 ee
1616 749 1669 758 -
1688 743 1834 755 ———-
1862 736 1932 774 :
1960 714 2073 796 mr·

635 839 685 890 in
731 839 921 908 punito
976 834 1011 890 δ
1049 856 1116 891 ::
1141 818 1286 909 ὂζδζΡ
1324 863 1372 872 --
1413 817 1641 908 ὂῇχδξῖ...
1665 818 1831 906 δὲέδῑζξ.
1855 851 1924 887 :-
1951 825 2057 889 Νη

474 947 551 983 ex
589 947 794 1000 quarum
841 930 1162 984 formularum
1207 932 1586 1000 comparativae
1628 941 1766 999 patet
1793 969 1808 993 ‚
1874 926 1969 980 effe
2027 915 2147 978 Mt)

482 1016 650 1067 minus
693 1012 796 1080 Μή
842 1015 910 1068 ast
957 1016 1056 1069 ΝΗ
1100 1014 1254 1069 maius
1301 1013 1403 1084 N,
1442 1016 1577 1069 vnde
1619 1017 1682 1066 de
1725 1010 1897 1066 aflerti
1925 1009 2030 1065 mei
2055 1022 2144 1061 ve·

478 1092 623 1150 rita'te
667 1098 814 1151 facile
857 1099 1060 1152 constat.

675 1204 937 1260 Concludo
980 1220 1148 1261 autem
1190 1208 1327 1274 hinc,

635 1296 690 1356 2)
748 1292 1033 1342 maximam
1103 1290 1497 1342 sollicitationem
1565 1285 1891 1356 negutiuam,
1955 1276 2141 1335 cadenss

473 1381 589 1423 tem
636 1373 695 1424 ad
738 1389 775 1425 x
822 1372 1028 1441 politiua
1059 1412 1072 1436 ,
1114 1370 1380 1423 neceffario
1425 1372 1677 1422 minorem
1728 1365 1823 1418 effe
1850 1407 1864 1430 ,
1907 1366 2138 1418 maxima

476 1452 822 1508 sollicitatione
864 1455 1090 1521 negitiua
1123 1493 1138 1521 ‚
1183 1469 1304 1520 quae
1347 1453 1476 1504 cadit
1515 1452 1576 1503 ad
1620 1468 1658 1505 x
1700 1449 1944 1520 negatiua.

674 1552 837 1606 Cadat
879 1568 1067 1622 nempe
1114 1552 1247 1620 prius
1292 1551 1577 1604 maximum
1625 1551 1688 1602 ad
1729 1568 1783 1621 ’γ
1802 1591 1818 1619 ,
1886 1559 1939 1600 et
2005 1548 2139 1603 findo

472 1632 582 1712 Q&
599 1637 832 1709 :Q‘Ys
876 1637 970 1687 erit
1012 1634 1293 1686 sollicitatio
1336 1634 1397 1686 ad
1438 1627 1473 1684 ὃ
1521 1633 1687 1685 maior
1714 1674 1730 1702 ‚
1775 1631 2002 1684 maxima
2047 1631 2140 1685 iol-

471 1714 750 1773 licitatione
776 1720 1011 1789 negatiua‚
1038 1732 1157 1786 quae
1179 1718 1309 1769 cadit
1333 1718 1393 1769 ad
1418 1732 1457 1769 x·
1482 1715 1712 1786 politiua.
1758 1713 1905 1766 Vnde
1929 1714 1978 1766 id
2000 1715 2136 1784 quod

478 1803 916 1856 demonstrandum
945 1799 1221 1867 sumsemm,
1248 1800 1281 1853 fi
1304 1800 1362 1852 ad
1389 1796 1426 1853 δ
1451 1801 1595 1852 cadat
1620 1799 1933 1864 maximum,
1956 1798 2141 1852 imme·

475 1886 626 1954 dieite,
652 1887 685 1940 fi
709 1902 810 1938 non
837 1889 896 1937 ad
922 1883 1022 1936 hoc
1051 1883 1294 1952 pumstum
1319 1885 1460 1937 cadat
1477 1925 1491 1954 ,
1517 1900 1544 1936 a
1568 1881 1756 1935 fortiori
1784 1881 2115 1936 concluditur.

654 1999 731 2056 Sit
773 2002 1059 2054 maximum
1105 2000 1389 2065 negatiuum
1437 1997 1614 2049 cadens
1665 1999 1727 2050 ad
1795 1999 2023 2066 35:1³,
2088 1997 2139 2050 id

474 2103 635 2152 vere,
678 2084 809 2156 quod
854 2082 984 2135 cadit
1029 2079 1087 2131 ad
1134 2076 1190 2147 ὃ,
1231 2098 1299 2134 :3
1393 2095 1408 2149 3
1456 2091 1506 2132 et
1548 2095 1665 2131 cum
1691 2079 1748 2132 fit
1775 2078 1992 2152 P<Q,
2028 2095 2138 2131 rur-

471 2172 546 2223 sus
591 2166 907 2222 manifestum
954 2161 1064 2228 est,
1135 2163 1238 2215 fieri
1285 2164 1417 2234 posse
1445 2200 1461 2227 ‚
1507 2175 1563 2213 vt
1609 2180 1670 2227 α,
1710 2164 1844 2230 quod
1891 2161 2138 2231 exprimit

475 2251 816 2306 difficultatem
855 2290 870 2316 ‚
937 2261 1148 2318 quacum
1215 2246 1424 2299 fluidum
1491 2244 1830 2311 magneticum
1900 2257 2138 2298 mouetur

473 2352 565 2408 per
605 2335 746 2387 filum
790 2327 1255 2401 magnetificandum
1284 2368 1301 2393 ‚
1364 2328 1506 2381 cadat
1552 2326 1680 2379 inter
1723 2325 1761 2378 P
1805 2339 1857 2379 et
1896 2325 1991 2401 Q,
2062 2327 2141 2381 sit-

476 2435 570 2489 que
613 2416 762 2487 priori
807 2415 965 2468 maius
993 2451 1008 2477 ‚
1047 2423 1096 2464 et
1140 2412 1405 2482 posteriori
1447 2410 1630 2464 minus·
1742 2409 1881 2463 Tum
1928 2424 2095 2483 itaque
2121 2453 2138 2480 ,

475 2503 509 2555 fi
556 2502 698 2554 filum
745 2508 991 2569 percurrat
1032 2494 1227 2549 restam
1284 2491 1422 2562 GF,
1489 2494 1621 2546 circa
1689 2493 1755 2566 Q
1803 2494 2001 2564 quidem
2068 2496 2137 2548 ita

477 2582 922 2655 magnetificabitur
959 2623 974 2649 ‚
1041 2591 1102 2631 vt
1165 2592 1448 2633 extremum
1499 2595 1534 2629 α
1578 2575 1701 2645 polo
1738 2575 1803 2639 B,
1845 2589 2133 2631 extremum

481 2668 522 2740 β
565 2665 690 2738 polo
734 2667 810 2730 A,
847 2664 937 2717 fiat
980 2663 1407 2733 homogeneum;
1450 2661 1520 2714 ast
1561 2658 1759 2713 effec'tus
1799 2660 1881 2714 hic
1923 2661 2137 2715 destrue·

480 2762 558 2802 tur
584 2791 599 2816 ,
641 2747 676 2801 s1
717 2747 858 2800 filum
905 2746 1101 2800 incedat
1145 2762 1174 2798 a
1216 2745 1395 2799 sinistra
1435 2745 1594 2799 versus
1637 2743 1867 2798 dextram
1896 2786 1914 2816 ,
1957 2756 2010 2797 et
2045 2744 2137 2797 ab·

479 2831 634 2887 soluta
672 2830 966 2904 operatione
1008 2829 1103 2881 erit
1145 2841 1436 2882 extremum
1479 2827 1552 2883 fili
1596 2846 1630 2881 α
1671 2828 1796 2899 polo
1835 2830 1886 2882 A
1912 2866 1928 2896 ,
1969 2825 2136 2897 prouti

1962 2920 2137 2962 extre-
