2342 3554
426 260 611 318 .„0
891 225 1715 311 nascarerro

488 399 582 452 ries
624 399 690 452 est
717 441 735 472 ‚
780 400 863 473 qui
893 444 910 475 ‚
956 420 1109 475 quum
1155 400 1462 458 minutissimi
1509 401 1643 469 lint,
1711 398 2021 474 setarumque
2067 418 2169 476 po-

488 485 583 537 tius
654 487 877 540 breuium
916 523 932 555 ,
995 490 1319 560 plurimarum
1349 529 1364 556 ‚
1432 504 1491 543 ac
1558 485 1700 541 dense
1767 488 2166 557 compositarum

486 566 706 622 formam
751 570 1009 641 habeant,
1054 574 1306 628 numerari
1360 572 1453 626 vix
1517 571 1743 648 pofl‘unt.
1851 569 2051 627 Dentes
2113 577 2166 631 in

487 652 723 706 maxillae
766 656 1007 711 inferioris
1047 659 1248 713 summo
1292 660 1519 729 margine
1562 657 1799 729 vtrinque
1827 672 2034 729 quatuor
2056 672 2168 715 tan-

485 749 590 790 tum
629 775 645 800 ‚
694 738 769 790 vel
815 742 1067 813 quinque,
1111 744 1309 814 aliquali
1349 742 1511 815 spatio
1552 760 1581 809 a
1625 749 1669 797 {e
1710 743 1933 798 inuicem
1985 743 2166 799 distan-

485 833 593 885 tes,
640 820 812 876 breues
854 828 1053 894 quidem
1084 869 1099 895 ‚
1165 828 1236 881 ast
1279 844 1308 881 e
1349 826 1514 882 latiori
1559 829 1654 883 basi
1695 829 1747 882 in
1813 843 2029 882 acumen
2080 831 2167 883 in·

481 907 691 958 trorlum
739 907 1050 965 incuruatum
1094 913 1377 982 terminati,
1417 915 1732 968 immobiles.
1823 910 2021 985 Lingua
2043 911 2164 980 lata,

480 989 650 1059 palato
693 992 911 1046 inferiori
961 997 1179 1066 Vndique
1222 999 1399 1053 adnata
1438 1042 1453 1069 ,
1511 999 1868 1070 superficieque
1913 995 2161 1068 inaequali

479 1075 722 1143 praedita.
810 1078 1022 1135 Maxilla
1081 1082 1332 1155 inferior,
1402 1096 1451 1136 et
1493 1100 1579 1136 ore
1642 1083 1845 1143 clause,
1913 1081 2161 1150 superiore

480 1160 764 1213 notabiliter
807 1162 1046 1229 breuior,
1089 1179 1332 1218 extremo
1374 1165 1461 1216 suo
1497 1176 1553 1218 ‚et
1587 1178 1747 1220 ,acuto
1790 1169 2017 1232 margine
2061 1164 2158 1220 hu-

477 1240 550 1296 ius
594 1243 961 1298 denticulorum
1008 1246 1186 1299 seriem
1233 1250 1328 1300 vix
1372 1248 1572 1313 attingit

674 1327 985 1380 Foraminula
1012 1370 1026 1393 ,
1087 1345 1213 1396 quae
1266 1345 1294 1381 a
1365 1328 1544 1385 tubulis
1610 1327 1813 1400 oblique
1874 1331 2160 1404 ,truncatiS,

476 1424 681 1462 mucum
729 1408 1091 1465 secernentibus
1117 1450 1134 1478 ‚
1179 1410 1516 1483 vtplurimum
1550 1410 1883 1482 formantur,
1946 1413 2000 1468 in
2068 1418 2159 1474 ‚ca-

472 1492 576 1561 pite
622 1491 955 1563 septendecim
1000 1495 1249 1550 obseruaui
1276 1539 1289 1565 ,
1334 1497 1426 1550 tria
1473 1496 1535 1550 lc.
1581 1497 1715 1551 inter
1742 1539 1758 1566 ‚
1803 1510 2012 1568 quatuor
2058 1517 2152 1558 tan·

472 1587 524 1627 te
565 1576 741 1629 oculos
769 1618 782 1644 ‚
825 1589 876 1630 et
920 1581 1134 1651 quinque
1177 1595 1243 1633 ex
1286 1593 1501 1651 Vtroque
1543 1582 1735 1650 latere,
1781 1582 1910 1636 inter
1952 1582 2156 1641 inferio-

469 1674 579 1714 rem
628 1662 765 1714 oculi
806 1664 1097 1731 marginem
1144 1681 1200 1719 ac
1246 1664 1553 1736 superiorem
1603 1667 1829 1739 operculi
1890 1667 2152 1727 branchia·

468 1759 580 1797 rum
626 1746 865 1816 angulum
910 1748 1081 1802 obuia.
1168 1750 1312 1825 Quae
1357 1753 1485 1810 inter
1518 1751 1700 1808 ⁴oculos,
1738 1751 1888 1827 ‚sunt¹²
1957 1753 2012 1808 in
2057 1754 2151 1811 ttri-

469 1830 706 1898 angulum
751 1830 1073 1901 disponuntur
1100 1874 1118 1904 ,
1158 1837 1264 1889 duo
1299 1852 1494 1907 ,nempe
1528 1837 1830 1906 anteriora,
1876 1836 2151 1913 paranda,

468 1925 520 1962 et
565 1915 771 1967 vnicum
816 1917 865 1967 in
913 1921 1087 1971 medio
1116 1959 1130 1984 ,
1197 1918 1440 1988 pollicum
1471 1937 1490 1992 ι;
1565 1935 1745 1972 eorum
1789 1936 1921 1976 vero
1984 1937 2145 1977 vnum

467 1994 532 2046 ab
573 1995 731 2048 altero
780 2002 849 2059 1}-
900 1997 1083 2051 lineam
1127 1999 1285 2053 distat.
1379 2005 1437 2054 In
1480 2001 1714 2058 dimidiae
1751 2000 1920 2059 lineae
1956 2002 2148 2062 distan-

467 2079 532 2130 tia
576 2079 638 2132 ab
682 2081 811 2132 oculi
854 2084 1081 2150 margine
1122 2088 1287 2137 antico
1339 2085 1470 2136 aliud
1536 2088 1755 2136 occurrit
1783 2125 1799 2150 ‚
1865 2085 2094 2159 patulum
2121 2125 2142 2157 ,

466 2161 644 2232 absque
688 2163 840 2217 tubuli
887 2167 1131 2232 vestigiO,
1175 2169 1305 2237 quod
1347 2168 1495 2221 setam
1525 2166 1796 2220 immissam
1839 2167 1893 2221 in
1934 2170 2140 2240 prosun-

463 2244 584 2297 dum
625 2246 793 2314 ducit,
835 2246 1043 2317 huicque
1090 2252 1139 2302 in
1181 2251 1326 2304 vuius
1370 2267 1423 2305 ac
1469 2251 1709 2306 dimidiae
1750 2247 1929 2306 lineae
1956 2255 2142 2310 distan-

462 2329 528 2382 tia
573 2330 763 2384 direc‘te
807 2334 1123 2402 anteponitur
1166 2334 1303 2388 aliud
1333 2377 1350 2408 ‚
1424 2335 1704 2390 tubulosum
1735 2379 1750 2405 ‚
1814 2353 1844 2390 e
1907 2354 2011 2409 quo
2072 2341 2138 2397 ad

458 2417 753 2482 praecedens
795 2415 927 2471 haud
968 2418 1110 2470 datur
1151 2421 1320 2473 aditus.
1408 2422 1493 2475 An
1538 2419 1662 2474 haec
1705 2421 1839 2485 duo,
1884 2435 1998 2476 ante
2040 2424 2136 2478 fin-

458 2497 629 2565 gulum
677 2499 875 2554 oculum
920 2500 1159 2556 collocata
1189 2539 1205 2570 ,
1255 2506 1450 2558 narium
1498 2506 1627 2559 vices
1668 2503 1882 2576 gerunt?
1919 2523 1984 2561 an
2025 2510 2136 2580 ple·

457 2582 616 2634 narius
660 2581 834 2637 harum
877 2583 1147 2642 defectus?
1210 2586 1484 2643 discernant
1555 2590 1632 2654 ii,
1701 2591 1877 2660 quibus
1942 2591 2133 2648 Piscem

456 2662 590 2744 hunc
636 2666 898 2721 dissecandi
940 2671 1134 2724 dabitur
1171 2674 1379 2728 occafio.
1492 2670 1771 2745 Sequuntur
1837 2691 1894 2728 ea
1921 2719 1938 2745 ‚
2002 2693 2128 2748 quac

456 2764 591 2818 pone
637 2752 839 2805 oculum
884 2753 934 2805 in
962 2769 1170 2825 vtroque
1214 2758 1364 2811 latere
1407 2771 1703 2829 occurrunt3
1733 2776 1891 2813 vnum
1938 2760 2126 2815 horum

451 2833 713 2895 dimidiam
755 2837 820 2892 ab
862 2838 1005 2894 oculi·
1036 2839 1268 2896 inferiore
1308 2858 1365 2898 ac
1407 2843 1607 2918 postico
1648 2844 1875 2917 margine
1939 2842 2124 2898 lineam

1951 2943 2126 2984 remo-
