2342 3554
369 344 419 403 C
454 345 509 402 *O
548 343 611 403 ’Ν
647 345 693 399 S
738 343 788 400 T
830 342 875 399 R
915 339 1058 395 VE
1103 343 1156 397 N
1192 342 1261 395 *D
1305 340 1333 396 I
1373 341 1432 397 S.
1635 355 1748 413 355

88 496 154 552 rit
186 538 203 568 ‚
269 497 353 568 qui
397 497 553 550 etiam
601 496 761 550 maius
804 493 1008 565 spatium
1044 490 1177 545 ‘effer
1220 494 1538 563 complexus,
1654 495 1760 551 Enii

89 585 228 635 enim
274 582 374 636 hoc
418 583 576 635 modo
620 597 771 651 agger
815 580 1059 631 maiorem
1107 579 1470 648 longitudinem
1516 579 1632 633 effer
1670 597 1761 633 na-

86 666 224 738 έῖαε,
252 679 422 719 tamen
462 668 711 718 sumtuum
757 664 1127 716 incrementum
1171 663 1355 715 maiori
1401 676 1564 717 terrae
1606 663 1763 734 spatio

91 751 142 804 in
188 751 330 806 vsum
375 749 713 804 conuertendo
754 747 950 800 fortaffe
992 748 1156 801 fuiffet
1210 747 1631 818 compensatum:
1701 747 1763 803 ad

90 836 189 889 hoc
235 836 418 888 scilicet
459 834 822 887 diiudicandum
883 830 1062 885 sumtus
1117 833 1169 884 in
1236 833 1444 901 singulas
1512 833 1765 904 perticaS,

92 920 268 990 quibus
310 935 459 989 agger
503 919 700 988 longior
755 915 1015 988 redditur,
1081 917 1403 989 impendendi
1474 932 1576 970 vna
1642 932 1764 970 cum

93 1004 220 1057 sorte
269 1004 512 1073 pecuniae
567 1004 626 1056 ad
670 999 1096 1055 conseruationem
1143 1001 1394 1074 requisitae
1438 1018 1556 1056 cum
1603 1003 1767 1073 pretio

91 1087 390 1155 fingularum
436 1087 732 1155 perticarum
788 1087 1133 1155 quadratarum
1161 1126 1177 1148 ,
1247 1087 1422 1157 quibus
1478 1099 1601 1141 terra
1665 1085 1769 1140 vsui

91 1169 248 1221 futura
291 1180 534 1234 augetur,
598 1170 878 1234 comparari
926 1172 1148 1237 debent,
1218 1185 1276 1224 vt
1334 1183 1533 1241 pateat,
1594 1182 1768 1223 Vtrum

89 1262 417 1321 augmentum
466 1250 718 1319 impensae
763 1252 954 1317 superet
999 1253 1115 1304 lucri
1161 1267 1486 1322 augmentum
1532 1270 1625 1307 nec
1675 1249 1771 1306 ne}

95 1337 233 1391 Haec
278 1333 548 1405 disquisitio
590 1333 655 1386 ibi
697 1333 791 1386 erit
836 1332 1104 1387 necessaria
1138 1378 1152 1406 ‚
1196 1336 1284 1389 vbi
1325 1336 1433 1388 satis
1470 1348 1629 1390 terrae
1684 1335 1775 1390 fir-

97 1436 211 1475 mae
253 1418 396 1472 suerit
439 1419 690 1490 aggestum
716 1453 730 1482 ‚
783 1429 837 1471 vt
881 1435 1130 1491 quousque
1173 1419 1369 1474 libuerit
1414 1436 1651 1491 aggerem
1680 1436 1776 1475 ex-

91 1504 296 1558 tendere
344 1502 523 1571 liceat,
568 1504 652 1573 qui
694 1503 961 1558 casus‚etfi
1008 1519 1034 1556 a
1081 1503 1342 1576 proposito
1387 1503 1654 1558 abhorrere
1700 1505 1778 1559 vi-

94 1589 302 1651 deatur,
343 1603 464 1640 eum
512 1602 687 1641 tamen
732 1588 1000 1641 accuratius
1042 1589 1279 1644 euoluere
1333 1588 1467 1644 haud
1535 1591 1629 1644 erit
1694 1589 1780 1645 in·

97 1688 404 1743 congruum.

592 1748 1077 1827 Probknna
1196 1783 1251 1830 1.

296 1885 353 1944 Si
396 1901 541 1943 extra
585 1908 817 1961 aggerem
861 1890 1088 1968 APQB
1133 1906 1327 1947 tantum
1373 1904 1534 1946 terrae
1585 1907 1613 1946 a
1681 1891 1774 1946 flu·
1806 1905 1905 1980 rig,
1944 1925 1990 1962 ι,

97 1970 260 2025 (tibus
300 1975 445 2026 maris
492 1974 547 2026 sit
595 1975 905 2026 cumulatum
938 2016 952 2040 ‚
1024 1989 1079 2028 vt
1147 1993 1175 2029 a
1246 1978 1476 2030 terminis
1542 1977 1592 2029 A
1639 1988 1693 2028 et
1733 1974 1779 2029 B

96 2072 288 2109 nouum
338 2073 579 2126 aggerem
633 2054 814 2110 ΑΕΒ
870 2074 1123 2129 quousque
1177 2058 1418 2130 libuerit,
1475 2058 1824 2129 protendere*

97 2139 238 2193 liceat
265 2183 280 2211 ‚
322 2141 533 2194 definire
578 2156 697 2194 eum
743 2157 986 2212 aggerem
1014 2185 1029 2212 ,
1072 2143 1156 2216 qui
1227 2144 1519 2197 maximum
1585 2142 1780 2199 lucrum

98 2223 158 2278 sit
202 2224 442 2277 allaturus-

779 2301 1168 2380 SolutiO.

302 2419 357 2476 6.
403 2424 634 2478 Primum
679 2426 907 2494 obseruO,
952 2428 1065 2481 huic
1111 2426 1282 2500 aggeri
1327 2443 1466 2481 nouo
1508 2426 1572 2481 ab
1616 2427 1667 2481 A
1711 2427 1775 2484 ad

104 2506 151 2563 B
193 2508 421 2562 ducendo
492 2509 704 2580 figuram
776 2527 915 2564 arcus
973 2513 1218 2566 circularis
1283 2513 1434 2566 tribui
1499 2526 1777 2586 oportere}

104 2609 458 2664 quamcunque
503 2595 641 2646 enim
688 2596 840 2648 aliam
885 2594 1097 2666 figuram
1147 2597 1355 2655 liaberet
1391 2638 1407 2668 ,
1465 2597 1664 2667 semper
1704 2614 1777 2652 ar-

105 2694 188 2730 cus
232 2677 466 2731 circularis
507 2679 609 2731 dari
655 2680 814 2750 poffet
858 2681 1060 2752 aequaIe
1105 2680 1315 2754 spatium
1363 2680 1779 2752 includens,qui,

107 2778 221 2815 cum
270 2762 327 2814 sit
370 2764 588 2831 breuior,
629 2765 946 2836 minoresque
987 2780 1256 2837 propterea
1299 2764 1477 2819 sumtus
1525 2766 1779 2835 postulet,

109 2845 183 2900 illi
227 2847 448 2900 omnino
486 2848 581 2901 erit
622 2850 981 2904 anteferendus.
1068 2848 1145 2904 Sit
1193 2851 1339 2922 igitur
1380 2848 1561 2904 ADss
1607 2851 1781 2906 huius-

114 2931 261 2986 modi
324 2947 461 2987 arcus
503 2932 749 2990 circularis
787 2946 1010 2990 centrum
1054 2934 1243 2991 habens
1282 2936 1340 2991 in
1382 2934 1474 3004 Ο,
1538 2944 1782 3005 ponatur-

908 3017 963 3077 Y
986 3035 1023 3090 y
1067 3035 1103 3073 2
1684 3030 1784 3089 que
