2342 3554
670 296 1275 360 PISC'IVM.
1680 321 1798 372 449

324 459 478 513 Pinna
524 455 874 523 domimica,
915 453 1066 523 longa
1101 495 1114 520 ‚
1160 469 1191 518 3
1207 464 1237 515 5
1288 450 1578 510 radiorum,
1624 455 1683 506 ad
1728 454 1802 506 di-

128 544 338 601 midiam
384 547 482 596 fere
524 540 829 594 altitudinem
885 550 1000 591 cute
1032 577 1047 604 ,
1120 536 1413 589 communis
1478 539 1762 608 propagine
1794 581 1808 605 ,

127 628 387 684 incr-affata
413 671 428 696 ‚
473 627 520 678 in
562 626 742 679 caudae
787 621 995 692 pinnam
1044 637 1196 692 vsque
1239 620 1494 687 excurrit,
1537 621 1803 673 vltimofa

128 714 276 782 ipsius
319 712 462 766 radio
505 726 620 763 cum
665 709 838 779 primo
878 708 1111 769 alteriuS‚
1170 706 1276 776 pari
1321 708 1488 757 modo
1514 747 1530 773 ,
1597 717 1656 757 vt
1695 720 1812 757 cae<

130 797 227 852 teri
256 832 270 861 ,
322 798 609 850 membrana
679 807 936 846 connexo.
1064 791 1253 858 Radii,
1297 805 1323 841 a
1368 791 1541 860 primo
1570 828 1586 857 ‚
1661 805 1812 860 quem

131 883 182 935 in
227 883 416 935 duobus
462 878 723 934 indiuiduis
768 894 795 930 a
841 876 1054 931 secundo
1093 873 1376 929 distinctum
1416 916 1430 944 ‚
1499 887 1551 928 et
1591 873 1812 943 spinulae

132 966 280 1021 instar
328 964 706 1035 prominentem
752 962 892 1029 vidi,
934 963 994 1016 ad
1040 959 1348 1031 vigesimum
1395 972 1625 1032 quartum
1674 958 1817 1011 circi-

131 1062 210 1102 ter
238 1091 253 1116 ,
297 1065 364 1101 ex
410 1051 586 1101 ordine
626 1047 875 1118 longiores
917 1047 1173 1117 magisque
1217 1042 1410 1099 surresti
1439 1087 1456 1114 ‚
1497 1045 1558 1099 ab
1607 1042 1685 1096 his
1727 1057 1822 1095 ve-

130 1145 192 1184 ro
233 1130 294 1182 ad
342 1130 577 1181 vltimum
624 1147 778 1198 Vsque
823 1129 994 1184 senfim
1041 1129 1292 1184 breuiores
1336 1128 1465 1184 fiunt
1492 1170 1509 1199 ‚
1552 1127 1670 1182 licet
1713 1125 1818 1198 pri-

135 1214 235 1269 mis
277 1210 434 1265 adhuc
476 1208 640 1264 multo
679 1210 937 1280 longiores
979 1213 1084 1265 sint.

320 1360 475 1416 Pinna
519 1360 596 1414 ani
663 1359 815 1430 longa
845 1398 861 1423 ,
929 1360 1188 1415 radiorum
1263 1375 1361 1427 29,
1426 1360 1653 1415 eiusdem
1683 1403 1699 1430 ,
1764 1373 1824 1413 ac

140 1446 281 1520 prior
308 1486 325 1515 ,
368 1445 553 1499 formae
595 1459 647 1497 et
686 1444 1014 1509 substantiae,
1088 1445 1138 1495 in
1184 1444 1364 1496 caudae
1407 1445 1618 1514 pinnam
1648 1485 1663 1513 ,
1735 1459 1830 1496 eo-

90 1563 93 1565 -
142 1535 262 1585 dem
299 1572 317 1603 ,
364 1542 422 1582 vt
464 1529 550 1581 ista
576 1569 591 1595 ,
632 1528 793 1581 modo
820 1569 835 1598 ,
880 1541 928 1579 et
973 1526 1170 1598 quidem
1220 1526 1391 1598 paullo
1437 1529 1671 1600 longius,
1738 1541 1832 1581 ex-

143 1616 331 1680 currit,
391 1614 500 1683 quia
546 1612 749 1664 Vltimus
792 1612 935 1681 ipsius
976 1612 1134 1665 radius
1177 1613 1421 1666 Vltimum
1469 1613 1705 1667 dorsualis
1748 1625 1829 1666 ra-

144 1697 287 1753 dium
328 1697 627 1768 longitudine
672 1697 889 1751 excedit.

335 1848 491 1902 Pinna
537 1848 751 1905 caudae,
792 1848 989 1900 ratione
1027 1847 1254 1920 corporis
1279 1891 1293 1914 ,
1340 1863 1491 1917 parua
1521 1887 1538 1917 ‚
1585 1847 1837 1918 lingulata,

150 1932 410 1986 radiorum
465 1947 560 1983 12.
689 1931 877 1985 Piscem
921 1931 1095 1999 hunc,
1160 1949 1264 1985 non
1314 1945 1504 1985 tantum
1564 1933 1835 2002 pinnarum

152 2015 490 2086 pectoralium
526 2055 542 2084 ‚
615 2012 697 2065 scd
766 2014 1005 2068 acetabuli
1073 2017 1227 2068 etiam
1299 2014 1458 2068 forma
1505 2032 1561 2068 ac
1606 2015 1693 2070 fitu
1721 2053 1736 2073 ,
1776 2013 1839 2067 ad

154 2096 566 2169 Cyclopterum‚
631 2097 788 2169 Lamp
853 2098 1034 2167 Anglis
1074 2099 1263 2153 dictum
1296 2140 1310 2165 ‚
1373 2100 1503 2154 mira
1568 2097 1842 2154 similitudi·

157 2200 224 2236 ne
269 2183 502 2234 accedere
527 2221 543 2248 ,
585 2194 654 2231 ex
701 2180 1038 2248 descriptione
1082 2183 1231 2235 cuiuis
1273 2183 1368 2235 erit
1411 2181 1645 2252 clarum3
1685 2198 1841 2251 quan-

163 2277 273 2319 tum
321 2277 488 2317 autem
531 2263 761 2332 corporis
812 2262 1124 2333 potiffimum
1189 2265 1396 2329 forma,
1461 2267 1658 2320 summa
1717 2265 1845 2319 cutis

163 2350 397 2404 laenitate
431 2390 445 2416 ,
482 2346 686 2401 dorsuali
731 2359 780 2400 et
823 2350 905 2401 ani
948 2354 1101 2419 pinna
1145 2361 1242 2402 etc.
1288 2349 1350 2402 ab
1395 2351 1580 2403 eodem
1627 2350 1847 2416 abludat,

166 2449 270 2487 non
316 2433 482 2486 trinus
525 2431 722 2485 euidens
763 2433 847 2485 est.
957 2434 1093 2487 Eum
1139 2433 1301 2504 itaque
1347 2433 1407 2488 ad
1451 2429 1626 2488 Genus
1667 2434 1844 2489 referre

168 2517 392 2589 placuit,
456 2532 571 2570 cum
617 2533 719 2587 quo
777 2516 1030 2586 pluribus,
1098 2534 1254 2590 quam
1319 2535 1440 2572 cum
1502 2519 1644 2591 ali0‚
1712 2521 1847 2572 notis

171 2603 425 2654 conuenit.
513 2600 598 2655 An
643 2603 692 2652 in
735 2600 851 2654 salso
894 2603 1019 2654 mari
1046 2644 1061 2670 ,
1121 2620 1186 2657 an
1230 2603 1448 2659 dulcibus
1486 2606 1538 2659 in
1581 2605 1717 2678 aquis
1760 2604 1847 2657 vi·-

168 2685 277 2741 'tam
322 2688 472 2757 degat
491 2718 511 2755 ·,
549 2698 600 2740 et
630 2685 757 2755 vbi,
797 2683 1092 2758 quaeritur?

262 2991 431 3049 Tom.
445 2991 547 3049 lx.
563 2991 702 3050 Nou.
721 2990 936 3051 Comm.
1245 2993 1290 3048 L
1316 2992 1334 3048 l
1355 2994 1374 3048 l
1594 2991 1848 3052 Mensura.
