2342 3554
463 316 578 369 310
869 295 1709 362 DESCRIPTIO

454 452 760 508 ebullitionis
803 466 856 507 et
897 454 1263 527 congelationis
1303 452 1503 525 punitis
1544 450 1782 507 inclusum
1812 493 1827 523 ‚
1869 448 2133 525 aiiquoties

453 554 764 607 excurrunt,
814 547 871 602 αξ
916 542 1038 610 poll.
1086 542 1302 595 nimium
1345 551 1508 595 erunt·

656 705 1024 779 supposuimus
1066 709 1117 762 in
1163 706 1378 762 formula
1419 706 1851 760 incrementorum
1912 703 2137 778 superius

457 788 655 842 inuenta
683 830 697 855 ,
738 806 977 862 prismata
1022 791 1218 862 semper
1259 808 1429 862 vigeri
1476 810 1504 844 a
1569 790 1799 863 restibus
1860 791 2135 845 secundum

455 873 783 927 directionem
827 883 1037 929 eandem
1068 917 1084 947 ,
1153 893 1210 930 ac
1253 877 1381 927 inter
1420 877 1465 928 se
1506 891 1708 928 trzanere
1753 873 1981 946 parallela
2029 891 2046 944 3
2091 872 2139 928 id

455 958 587 1026 quod
631 960 678 1009 in
724 975 789 1010 eo
826 971 1020 1012 tantum
1065 961 1175 1012 cain
1217 958 1384 1012 locum
1431 958 1581 1012 habe-t
1614 1002 1627 1028 ‚
1689 960 1739 1012 in
1790 975 1893 1030 quo
1964 955 2136 1013 vestes

455 1039 559 1092 satis
597 1040 707 1095 sunt
751 1044 961 1114 magni,
1003 1059 1059 1096 ac
1101 1061 1192 1113 per
1235 1042 1537 1114 consequens
1575 1060 1711 1098 arcus
1753 1044 1815 1097 ab
1841 1044 2024 1097 iisdem
2051 1042 2132 1096 de-

459 1125 660 1192 scriptus
700 1128 885 1180 ratione
924 1128 1044 1180 radii
1087 1127 1402 1181 describentis
1468 1128 1607 1180 valde
1645 1128 1856 1195 exiguus
1882 1166 1897 1192 ,
1963 1126 2040 1178 vti
2084 1125 2136 1179 id
2169 1165 2171 1168 ι

460 1206 616 1276 ipsum
676 1209 729 1262 in
797 1210 1118 1263 instrumento
1187 1212 1248 1263 ad
1300 1211 1662 1262 obseruationes
1723 1208 2139 1280 meteorologicas

460 1291 692 1362 adaptato
733 1309 783 1345 re
818 1307 936 1344 vera
981 1294 1199 1346 obtinet.
1247 1292 1422 1366 Quum
1471 1303 1636 1345 autem
1682 1292 1735 1344 in
1788 1291 2140 1362 instrumente,

463 1375 689 1444 gradibus
733 1376 1021 1447 permagnis
1061 1376 1234 1429 caloris
1276 1377 1354 1429 vei
1410 1375 1609 1444 frigoris
1671 1375 1994 1447 explorandis
2057 1377 2137 1430 in·

457 1458 731 1525 seruitum,
776 1459 948 1512 vectes
993 1459 1263 1513 necessario
1308 1458 1419 1513 satis
1464 1460 1606 1528 parui
1647 1461 1902 1518 enudant,
1946 1475 2004 1515 ac
2045 1475 2142 1513 ve·

464 1538 560 1615 ctis
603 1542 764 1596 vltimi
818 1544 1106 1596 extremitas
1160 1558 1328 1596 arcum
1397 1542 1635 1597 oc'tauam
1707 1544 1880 1597 circuli
1940 1557 2140 1614 partem

463 1618 776 1693 superantem
825 1640 1185 1695 nonnunquam
1234 1641 1524 1697 percurrere
1564 1638 1772 1697 cogatur
1810 1666 1826 1692 ‚
1869 1628 2141 1697 inaequali-

462 1718 589 1760 tates
631 1708 694 1763 ab
739 1706 856 1761 hinc
897 1721 1028 1762 ortas
1072 1709 1178 1761 fore
1220 1709 1366 1763 valde
1424 1710 1669 1765 sensibiles
1694 1754 1708 1780 ‚
1754 1710 1967 1782 hincque
2036 1725 2141 1765 non

214 1782 334 1858 Τὼ»
364 1786 775 1862 12⁷·11egligendas
812 1794 907 1845 effe
949 1809 1038 1864 per
1079 1793 1126 1845 se
1170 1804 1326 1866 patet.
1412 1794 1489 1851 Sit
1531 1797 1667 1850 enim
1712 1793 1834 1850 AD
1880 1794 2036 1850 vectis
2060 1794 2143 1849 vl·

241 1853 337 1910 Fig.
379 1867 423 1912 3‘
463 1875 579 1930 timi
622 1892 733 1930 crus
771 1878 931 1929 maius
963 1919 979 1944 ,
1020 1877 1132 1930 ΑΚ
1179 1878 1371 1947 prisma
1411 1895 1526 1932 cum
1571 1879 1750 1933 indicis
1790 1895 1931 1933 crure
1976 1880 2142 1934 mino·

467 1961 508 2012 ri
552 1958 650 2011 IL
690 1959 1022 2012 coniunc‘ium
1057 1997 1073 2026 ,
1112 1960 1297 2027 sintque
1329 1999 1344 2024 ,
1399 1977 1460 2013 ne
1505 1975 1580 2012 res
1647 1963 1794 2014 nimis
1859 1961 2145 2031 complice-

468 2053 550 2094 tur
582 2079 600 2107 ‚
647 2044 693 2095 Α
722 2039 776 2092 D
807 2077 820 2106 ‚
864 2042 911 2092 A
941 2040 985 2092 1<
1015 2080 1030 2105 ,
1078 2040 1121 2093 1<
1149 2040 1194 2092 L
1221 2076 1235 2104 ‚
1284 2042 1410 2094 inter
1464 2042 1507 2094 se
1557 2046 1783 2111 aequales
1813 2059 1828 2113 3
1876 2056 2138 2097 moueatur

469 2129 626 2196 porro
671 2130 717 2177 A
760 2124 820 2177 ad
871 2121 915 2175 B
945 2167 959 2191 ,
1003 2137 1053 2176 et
1098 2125 1341 2194 punitum
1386 2126 1431 2178 Κ
1478 2126 1789 2180 transferatur
1829 2127 1891 2180 ad
1939 2126 2008 2194 H,
2033 2127 2143 2181 elu-

467 2208 601 2261 cebit
643 2220 761 2260 tunc
789 2251 802 2276 ,
845 2223 1013 2260 arcum
1061 2205 1174 2259 AB
1213 2210 1465 2261 maiorem
1509 2205 1608 2260 effe
1653 2224 1767 2262 arcu
1812 2209 1859 2260 K
1887 2209 1957 2261 H.
2004 2206 2141 2263 Cum

468 2292 601 2344 enim
648 2292 772 2344 smus
815 2286 1299 2344 IflzEG-FG
1329 2332 1343 2358 ‚
1383 2288 1495 2345 EG
1536 2303 1703 2344 autem
1746 2288 1975 2361 ΖΕΒ,
2013 2290 2142 2347 finus

469 2374 638 2442 m<
687 2376 777 2427 erit
821 2375 908 2428 sin.
936 2370 1072 2443 CB;
1121 2391 1222 2445 quo
1262 2374 1408 2429 simul
1452 2375 1759 2446 conspicitur
1789 2419 1804 2444 ,
1847 2375 2145 2430 differentias

469 2459 660 2513 sinuum
709 2456 815 2511 CB
858 2471 911 2511 et
952 2457 1039 2512 IH
1081 2475 1148 2512 eo
1193 2461 1352 2526 magis
1395 2459 1606 2512 crescere
1633 2502 1648 2528 ‚
1682 2476 1784 2531 quo
1831 2461 1990 2530 magis
2029 2475 2141 2514 cre-

472 2542 561 2596 scit
602 2549 739 2596 arc'us
783 2541 904 2596 AB.
1001 2544 1190 2617 Quodsi
1234 2545 1396 2614 itaque
1440 2542 1649 2615 spatium
1679 2585 1695 2611 ‚
1759 2545 1894 2615 quod
1938 2544 2139 2615 punCtis

474 2626 832 2696 congelationis
872 2639 1017 2695 atque
1061 2628 1354 2681 ebullitionis
1397 2644 1553 2700 aquae
1598 2628 1890 2697 includitur,
1933 2646 1962 2682 a
2003 2645 2143 2684 crure

477 2712 529 2765 A
558 2709 614 2764 D
660 2711 962 2782 percursum‚
988 2728 1090 2765 non
1134 2712 1191 2765 fit
1235 2727 1366 2764 arcus
1410 2714 1605 2766 ratione
1649 2715 1772 2769 radii
1815 2715 1865 2768 A
1893 2711 1950 2767 D
1994 2713 2139 2768 valde

477 2795 681 2866 'exiguus
719 2812 768 2848 e.
808 2811 857 2865 g.
902 2795 1066 2849 circuli
1113 2812 1224 2866 pars
1267 2796 1506 2865 vigesima
1535 2839 1549 2865 ,
1587 2794 1735 2868 spatia
1780 2796 2002 2869 aequalia
2058 2798 2141 2872 in-

477 2877 721 2935 'termedia
746 2915 761 2945 ,
803 2878 994 2951 puncto
1037 2879 1088 2933 A
1133 2879 1371 2950 descripta
1397 2920 1412 2950 ,
1453 2891 1693 2952 tanquam
1739 2894 1907 2953 partes
1956 2895 2137 2952 aequa-

2067 2959 2140 3020 les
