2347 3590
506 348 582 397 1⁶
1067 341 1220 413 ωὲέὲ
1262 343 1285 411 >
1327 354 1363 393 0
1409 337 1428 414 <
1472 340 1625 410 ἓζεὲω

498 491 628 544 tium
673 487 1025 544 resolutionem
1080 489 1130 545 in
1197 506 1374 562 genere
1440 488 1686 561 perficere
1751 488 1897 544 liceat
1919 533 1935 559 ‚
2004 504 2173 549 tar-nen

497 574 620 629 hinc
666 591 761 646 pro
805 573 1131 645 superioribus
1168 575 1396 645 gradibus
1435 573 1557 627 alios
1599 576 1797 646 insuper
1844 576 1973 630 casus
2039 578 2172 630 reso-

492 658 660 713 lubiles
703 670 900 730 praeter
940 660 1264 715 Moiureanos
1305 658 1550 729 deducit,
1619 660 1754 713 vnde
1821 674 1923 713 non
1989 677 2167 731 parum

489 741 691 797 luminis
731 743 782 795 in
825 742 953 798 hanc
997 744 1228 799 maxime
1268 743 1610 799 absconditam
1650 741 1928 812 Analyseos
1969 757 2167 816 partem

490 825 762 882 redundare
805 827 1022 884 videtur.

1286 1045 1358 1102 v.

570 1204 703 1284 De
765 1206 1100 1286 numeris
1164 1207 1425 1315 primis
1479 1202 1700 1312 valde
1759 1210 2073 1314 magnis.

691 1382 1036 1463 Auctore
1095 1382 1188 1466 L.
1247 1384 1530 1465 Eulero'
1583 1406 1753 1491 pag.
1800 1411 1937 1491 99.

475 1557 666 1686 Cum
737 1567 960 1637 prImum
1002 1584 1030 1622 a
1073 1567 1223 1623 Pellio
1250 1610 1266 1641 ,
1310 1585 1368 1622 ac
1414 1568 1649 1640 deinceps
1690 1567 1754 1620 ab
1797 1566 1901 1620 aliis
1931 1608 1946 1635 ,
1985 1566 2150 1622 tabula

629 1666 956 1705 numerorum
1002 1656 1284 1724 primorum
1328 1653 1390 1707 ad
1433 1666 1642 1707 centena
1688 1650 1848 1704 millia
1893 1666 2043 1721 vsque
2093 1651 2152 1704 fit

466 1728 742 1789 constructa
771 1773 786 1798 ,
830 1750 959 1785 nunc
1000 1737 1202 1803 quidem
1259 1736 1521 1804 proposito
1577 1749 1868 1802 quocunque
1936 1749 2153 1787 numero

466 1812 599 1867 hunc
667 1812 890 1866 limitem
961 1829 1068 1865 non
1132 1814 1385 1883 superante
1451 1815 1689 1866 facillime
1734 1815 1950 1866 iudicare
1995 1815 2149 1884 licet,

465 1908 638 1950 vtrum
685 1898 724 1947 is
766 1894 820 1948 fit
862 1891 1199 1967 primu5,nec
1245 1892 1355 1948 ne?
1397 1909 1542 1967 atque
1586 1895 1714 1949 adeo
1756 1909 1825 1947 ex
1864 1895 1951 1948 ista
2005 1898 2149 1950 tabu.

465 1979 514 2032 la
561 1995 659 2050 pro
703 1978 861 2032 lubitu
906 1980 1102 2033 numeri
1148 1979 1304 2050 primi
1349 1981 1554 2050 excerpi
1607 1979 1804 2049 poss‘unt
1835 2019 1849 2046 ,
1919 1979 1953 2032 fi
2019 1980 2148 2036 forte

463 2064 577 2116 vsus
621 2062 830 2133 exigat,
896 2064 980 2134 qui
1037 2064 1241 2134 quidem
1285 2076 1491 2117 centena
1536 2063 1694 2117 millia
1739 2078 1842 2115 non
1884 2065 2145 2119 excedant.

465 2146 658 2200 Verum
702 2145 739 2200 fi
781 2146 891 2218 quis
934 2147 1174 2201 desideret
1214 2163 1451 2217 numeros
1495 2150 1691 2217 primos
1717 2156 1721 2160 ’
1746 2146 1846 2199 hoc
1917 2148 2144 2201 termino

442 2230 678 2285 *maiores
705 2268 720 2288 ‚
759 2231 953 2285 nonnisi
996 2231 1257 2285 exantlato
1317 2231 1567 2284 immenso
1609 2231 1711 2284 fere
1752 2230 1920 2283 labore
1949 2272 1963 2297 ,
2031 2232 2142 2298 voti

461 2313 528 2368 sui
568 2329 785 2387 compos
827 2314 964 2368 reddi
1010 2316 1240 2386 poterit,
1285 2316 1686 2386 quandoquidem
1731 2315 1822 2367 alia
1873 2314 2142 2372 methodus

461 2413 699 2451 numeros
744 2399 941 2467 primos
985 2399 1304 2468 inuestigandi
1347 2399 1436 2452 vix
1482 2414 1645 2470 patet,
1691 2398 1778 2451 nisi
1805 2410 1860 2450 vt
1883 2398 2139 2453 succeffiue

459 2494 646 2534 omnes
690 2482 882 2533 numeri
928 2497 1013 2550 per
1053 2481 1177 2533 alios
1219 2485 1440 2536 minores
1483 2482 1741 2536 diuifibiles
1765 2496 2136 2554 expungantur,

463 2563 649 2637 quippe
692 2579 796 2632 quo
836 2563 974 2616 fac'to
1018 2566 1212 2618 numeri
1253 2567 1405 2635 primi
1448 2565 1535 2620 soli
1575 2566 1932 2632 relinquentur.
2000 2564 2134 2638 Quin

462 2648 617 2701 etiam
664 2646 925 2715 propofito
966 2662 1177 2701 numero
1217 2642 1555 2720 praegrandi,
1596 2660 1765 2700 vtrum
1811 2646 1848 2698 is
1903 2645 1958 2698 fit
2027 2648 2133 2717 pri-

456 2745 569 2786 mus
604 2769 620 2797 ‚
663 2743 755 2781 nec
799 2727 910 2783 ne?
949 2743 1065 2783 ante
1115 2734 1440 2801 pronunciare
1484 2746 1588 2783 non
1635 2731 1747 2783 licet
1779 2772 1793 2799 ‚
1838 2746 1991 2800 quam
2036 2733 2136 2786 eius

461 2812 644 2869 diuifio
689 2828 781 2883 per
823 2829 1003 2868 omnes
1047 2830 1279 2869 numeros
1322 2816 1544 2886 primm,
1569 2815 1672 2867 eius
1714 2815 1879 2867 radice
1927 2816 2129 2886 quadra·

464 2908 517 2971 ta
555 2898 780 2954 minores
805 2936 823 2971 ,
864 2896 1009 2956 fuerit
1048 2910 1250 2955 tentata.
1337 2898 1419 2980 Ita
1456 2897 1493 2957 fi
1536 2898 1645 2972 quis
1685 2909 1914 2972 quaerat,
1959 2909 2129 2953 vtrum

2041 2981 2130 3045 hic
