2342 3554
739 229 904 346 *2³33
939 241 961 311 )
1004 253 1045 295 0
1084 237 1107 307 (
1148 235 1307 309 ἓῖεὲω
1807 254 1881 313 ³¹

200 390 361 446 fiones
401 387 773 462 producantur,
816 407 971 465 quam
1013 390 1437 448 circumstantiam
1507 390 1735 452 auctores
1781 415 1885 455 non

125 463 163 498 ¹*
198 475 399 546 semper
441 475 548 528 satis
584 474 792 531 sollicite
838 477 1151 550 perpendiffe
1192 477 1441 533 videntur.
1526 480 1720 557 Quodsi
1743 484 1884 539 enim

199 561 373 614 omnia
417 574 629 631 corpora
672 578 769 632 pro
811 562 1004 615 ratione
1050 563 1406 632 magnitudinis
1449 566 1511 617 ab
1554 569 1737 619 eodem
1776 582 1887 638 gra-

199 646 268 699 du
314 644 495 699 caloris
560 646 779 716 aequalia
845 647 1124 700 voluminis
1184 647 1496 703 incrementa
1565 651 1845 723 acciperent
1872 690 1889 720 ‚

200 730 342 784 nullo
383 731 531 800 plane
566 734 764 801 modo,
792 730 935 786 nobis
967 734 1205 802 quidem,
1230 732 1316 787 has
1360 736 1698 809 mutationes,
1732 752 1888 809 quan.

200 815 389 866 tumuis
428 813 608 866 fuerint
651 832 894 887 magnae.
936 816 1198 871 obseruare
1242 818 1443 890 liceret,
1480 821 1888 893 quandoquidem

199 899 355 949 etiam
400 898 683 965 mensurae,
730 900 905 966 quibus
950 902 1023 954 vti
1063 904 1404 955 consueuimus
1432 942 1449 971 ‚
1499 921 1676 974 parem
1725 920 1890 961 muta-

198 981 394 1033 tionem
436 977 679 1045 subirent‚
725 981 891 1048 ficque
935 999 1182 1051 perpetuo
1222 988 1285 1038 ad
1327 1004 1537 1055 corpora
1565 991 1889 1046 mensuranda

194 1067 414 1119 eandem
457 1065 711 1118 rationem
755 1064 1118 1118 conseruarent.
1252 1066 1434 1138 Neque
1493 1085 1616 1139 ergo
1657 1069 1887 1126 thermo.

197 1162 362 1203 metra
404 1148 659 1220 vulgaria,
687 1139 840 1204 etiam
872 1153 921 1203 in
969 1151 1203 1203 maxima
1242 1153 1553 1223 tempestutis
1593 1171 1888 1211 commuta-

195 1234 383 1300 tione,
421 1234 582 1287 vllam
643 1238 975 1289 variationem
1040 1236 1190 1288 essent
1252 1237 1524 1292 indicatura
1553 1280 1571 1308 ,
1616 1240 1648 1294 fi
1697 1242 1888 1297 vitrum

195 1320 307 1390 pari
348 1320 643 1389 exp-ansioni
686 1336 714 1371 a
759 1321 929 1375 calore
967 1322 1205 1374 oriundae
1247 1322 1366 1376 effet
1406 1323 1715 1393 obnoxium,
1743 1340 1889 1393 atque

195 1403 365 1473 liquor
409 1406 459 1457 in
505 1420 570 1456 eo
614 1418 895 1458 contentus.
1001 1405 1083 1458 Ex
1147 1424 1251 1476 quo
1314 1409 1441 1461 haec
1513 1409 1889 1467 thermometra

196 1502 397 1555 eatenus
437 1502 632 1542 tantum
676 1490 945 1543 variationi
990 1492 1170 1543 caloiis
1215 1509 1268 1545 ·1c
1334 1492 1530 1564 frigoris
1595 1496 1888 1551 indicandae

195 1570 305 1625 sunt
346 1587 496 1643 apta,
564 1587 797 1643 quatenus
841 1576 1003 1643 liquor
1030 1617 1048 1644 ‚
1111 1593 1213 1643 quo
1258 1578 1358 1630 tubi
1408 1579 1550 1631 vitrei
1596 1597 1712 1633 cum
1758 1582 1887 1635 bulla

196 1652 409 1707 subnexa
456 1654 655 1724 impleri
706 1658 862 1707 solent
910 1660 1161 1708 minorem
1218 1661 1555 1711 mutationem
1620 1677 1648 1713 a
1716 1663 1889 1717 calore

193 1739 382 1808 patitur
411 1777 428 1806 ‚
472 1753 621 1805 quam
670 1738 830 1806 ipsum
884 1739 1120 1805 vitrum3,
1179 1754 1297 1807 quin
1341 1741 1501 1792 etiam
1549 1746 1743 1797 neceffe
1781 1746 1886 1817 est,

193 1834 254 1874 vt
298 1821 522 1873 mutatio
559 1818 675 1873 vitri
719 1820 884 1873 multo
925 1820 984 1875 fit
1025 1837 1241 1889 mmor,
1277 1840 1432 1894 quam
1479 1823 1682 1896 liquoris
1710 1870 1726 1900 ‚
1769 1832 1886 1900 quia

196 1903 422 1976 alioquin
465 1904 668 1958 effeetus
710 1922 892 1977 parum
935 1904 1059 1958 effer
1099 1906 1352 1963 sensibilis.
1439 1907 1555 1962 Hoc
1599 1911 1734 1966 idem
1762 1930 1887 1985 ergo

194 2002 400 2062 quoqne
442 1990 506 2044 de
545 1995 848 2061 corporibus
885 1991 1223 2059 {olidis‚quae
1265 1995 1325 2049 ad
1370 1994 1591 2050 ssmilem
1637 1998 1884 2053 effectum

192 2075 572 2145 producendum
617 2074 791 2130 fuerint
827 2075 1149 2146 adhibenda,
1193 2084 1291 2131 erit
1336 2083 1651 2154 tenendum,
1695 2098 1752 2137 vt
1796 2087 1889 2140 ici..

191 2158 311 2213 licet
353 2167 593 2231 pariete5‚
646 2160 728 2215 vel
768 2163 886 2215 alius
928 2162 1127 2228 generis
1168 2161 1477 2219 sustentacula
1504 2208 1522 2240 ,
1561 2170 1704 2221 iuxta
1758 2186 1885 2240 quae

193 2244 423 2299 mensura
464 2245 652 2299 institui
694 2246 860 2311 debet,
886 2246 1052 2300 multo
1099 2249 1263 2302 minus
1301 2265 1328 2303 a
1371 2251 1539 2304 calore
1583 2251 1886 2326 afficiantur,

195 2342 348 2397 quam
394 2328 561 2395 virgae
604 2330 712 2382 illae
739 2371 758 2400 ‚
803 2331 904 2394 vel
931 2331 1144 2396 bacilli,
1184 2347 1254 2382 ex
1308 2348 1523 2400 quorum
1571 2338 1884 2405 expansione

193 2411 404 2481 gradum
446 2410 628 2463 caloris
670 2411 925 2466 diiudicari
964 2425 1192 2484 oportet.
1277 2413 1504 2470 Pluribus
1571 2418 1722 2489 igitur
1785 2438 1881 2477 ex<

193 2500 492 2566 perimentis
513 2494 718 2548 edoctus
739 2496 1014 2551 Obseruauit
1038 2496 1371 2553 solertiffimus
1397 2500 1627 2571 Auctor,
1655 2504 1705 2557 in
1749 2505 1886 2563 hunc

192 2577 356 2632 finem
402 2581 607 2650 optimo
648 2578 862 2636 successu
906 2582 1135 2650 bacillos,
1176 2587 1257 2639 feu
1300 2585 1580 2655 cylindr05,
1603 2591 1885 2654 metallicos

195 2663 423 2717 adhiberi
467 2665 626 2734 pofle,
652 2667 786 2719 inter
829 2681 955 2738 quos
993 2679 1271 2740 mgentem,
1317 2670 1397 2726 seu
1435 2671 1607 2727 ssiltem
1652 2691 1888 2749 cupreos»,

189 2747 449 2822 eligendos
495 2748 807 2819 potissimum
850 2752 1152 2826 arbitratur,
1198 2756 1331 2827 quod
1375 2773 1479 2811 non
1522 2757 1683 2814 solum
1728 2779 1757 2816 a
1800 2751 1886 2819 ca-

192 2832 314 2891 loris
349 2837 634 2892 *mutatione
673 2836 920 2912 infignem
964 2841 1303 2899 variationem
1327 2843 1600 2921 accipiant,
1627 2845 1708 2901 led
1731 2850 1882 2900 etiam

1740 2945 1883 3006 pm:
