<?xml version="1.0" encoding="UTF-8"?>
<!DOCTYPE html PUBLIC "-//W3C//DTD XHTML 1.0 Transitional//EN"
    "http://www.w3.org/TR/xhtml1/DTD/xhtml1-transitional.dtd">
<html xmlns="http://www.w3.org/1999/xhtml" xml:lang="en" lang="en">
 <head>
  <title>
</title>
<meta http-equiv="Content-Type" content="text/html;charset=utf-8" />
  <meta name='ocr-system' content='tesseract 3.04.00' />
  <meta name='ocr-capabilities' content='ocr_page ocr_carea ocr_par ocr_line ocrx_word'/>
</head>
<body>
  <div class='ocr_page' id='page_1' title='image "./novicommentariac29impe_0380.png"; bbox 0 0 2342 3554; ppageno 0'>
   <div class='ocr_carea' id='block_1_1' title="bbox 490 311 1696 381">
    <p class='ocr_par' dir='ltr' id='par_1_1' title="bbox 490 311 1696 381">
     <span class='ocr_line' id='line_1_1' title="bbox 490 311 1696 381; baseline 0.008 -19"><span class='ocrx_word' id='word_1_1' title='bbox 490 316 606 381; x_wconf 81' lang='lat'>308</span> <span class='ocrx_word' id='word_1_2' title='bbox 861 311 1696 372; x_wconf 71' lang='lat' dir='ltr'><em>DESCRIPTIO</em></span> 
     </span>
    </p>
   </div>
   <div class='ocr_carea' id='block_1_2' title="bbox 476 461 2160 2627">
    <p class='ocr_par' dir='ltr' id='par_1_2' title="bbox 476 461 2160 2627">
     <span class='ocr_line' id='line_1_2' title="bbox 482 461 2143 536; baseline 0.003 -21"><span class='ocrx_word' id='word_1_3' title='bbox 482 464 668 517; x_wconf 79' lang='lat' dir='ltr'>eodem</span> <span class='ocrx_word' id='word_1_4' title='bbox 715 463 951 534; x_wconf 72' lang='lat' dir='ltr'>designari</span> <span class='ocrx_word' id='word_1_5' title='bbox 992 465 1189 536; x_wconf 79' lang='lat' dir='ltr'>poffint.</span> <span class='ocrx_word' id='word_1_6' title='bbox 1301 465 1380 518; x_wconf 78' lang='lat' dir='ltr'>Ad</span> <span class='ocrx_word' id='word_1_7' title='bbox 1430 478 1621 533; x_wconf 78' lang='lat' dir='ltr'>partem</span> <span class='ocrx_word' id='word_1_8' title='bbox 1679 461 1891 516; x_wconf 71' lang='lat' dir='ltr'>laminae</span> <span class='ocrx_word' id='word_1_9' title='bbox 1956 463 2143 520; x_wconf 80' lang='lat' dir='ltr'>ferreae</span> 
     </span>
     <span class='ocr_line' id='line_1_3' title="bbox 483 546 2143 623; baseline -0.001 -22"><span class='ocrx_word' id='word_1_10' title='bbox 483 548 768 601; x_wconf 82' lang='lat' dir='ltr'>inferiorem</span> <span class='ocrx_word' id='word_1_11' title='bbox 818 548 1051 623; x_wconf 75' lang='lat' dir='ltr'>CDPQ</span> <span class='ocrx_word' id='word_1_12' title='bbox 1083 548 1367 619; x_wconf 80' lang='lat' dir='ltr'>operculum</span> <span class='ocrx_word' id='word_1_13' title='bbox 1417 547 1513 604; x_wconf 78' lang='lat' dir='ltr'>RS</span> <span class='ocrx_word' id='word_1_14' title='bbox 1557 546 1788 618; x_wconf 72' lang='lat' dir='ltr'>affigatur</span> <span class='ocrx_word' id='word_1_15' title='bbox 1816 548 2143 602; x_wconf 77' lang='lat' dir='ltr'>mediantibus</span> 
     </span>
     <span class='ocr_line' id='line_1_4' title="bbox 483 633 2140 703; baseline 0 -19"><span class='ocrx_word' id='word_1_16' title='bbox 483 633 700 684; x_wconf 77' lang='lat' dir='ltr'>cochleis</span> <span class='ocrx_word' id='word_1_17' title='bbox 719 672 732 696; x_wconf 75' lang='grc'><em>,</em></span> <span class='ocrx_word' id='word_1_18' title='bbox 756 650 819 685; x_wconf 85' lang='lat' dir='ltr'>eo</span> <span class='ocrx_word' id='word_1_19' title='bbox 846 637 1028 701; x_wconf 84' lang='lat' dir='ltr'>modo,</span> <span class='ocrx_word' id='word_1_20' title='bbox 1055 649 1110 685; x_wconf 83' lang='lat' dir='ltr'>vt</span> <span class='ocrx_word' id='word_1_21' title='bbox 1134 635 1371 703; x_wconf 86' lang='lat' dir='ltr'>spatium,</span> <span class='ocrx_word' id='word_1_22' title='bbox 1399 635 1449 684; x_wconf 89' lang='lat' dir='ltr'>in</span> <span class='ocrx_word' id='word_1_23' title='bbox 1483 647 1583 702; x_wconf 89' lang='lat' dir='ltr'>quo</span> <span class='ocrx_word' id='word_1_24' title='bbox 1621 635 1854 701; x_wconf 73' lang='lat' dir='ltr'>prismata</span> <span class='ocrx_word' id='word_1_25' title='bbox 1890 649 1985 685; x_wconf 77' lang='lat' dir='ltr'>vna</span> <span class='ocrx_word' id='word_1_26' title='bbox 2020 648 2140 685; x_wconf 86' lang='lat' dir='ltr'>cum</span> 
     </span>
     <span class='ocr_line' id='line_1_5' title="bbox 483 716 2142 784; baseline -0.001 -17"><span class='ocrx_word' id='word_1_27' title='bbox 483 717 710 768; x_wconf 60' lang='lat' dir='ltr'>vectibus</span> <span class='ocrx_word' id='word_1_28' title='bbox 746 718 836 768; x_wconf 87' lang='lat' dir='ltr'>suis</span> <span class='ocrx_word' id='word_1_29' title='bbox 870 718 974 769; x_wconf 83' lang='lat' dir='ltr'>sunt</span> <span class='ocrx_word' id='word_1_30' title='bbox 1010 730 1273 784; x_wconf 79' lang='lat' dir='ltr'>contenta,</span> <span class='ocrx_word' id='word_1_31' title='bbox 1322 732 1547 770; x_wconf 82' lang='lat' dir='ltr'>accurate</span> <span class='ocrx_word' id='word_1_32' title='bbox 1585 716 1838 768; x_wconf 72' lang='lat' dir='ltr'>claudatur</span> <span class='ocrx_word' id='word_1_33' title='bbox 1860 755 1875 779; x_wconf 89' lang='lat'><strong>‚</strong></span> <span class='ocrx_word' id='word_1_34' title='bbox 1916 728 2142 784; x_wconf 84' lang='lat' dir='ltr'>excepto</span> 
     </span>
     <span class='ocr_line' id='line_1_6' title="bbox 481 798 2144 874; baseline -0.001 -23"><span class='ocrx_word' id='word_1_35' title='bbox 481 798 596 853; x_wconf 87' lang='lat' dir='ltr'>loco</span> <span class='ocrx_word' id='word_1_36' title='bbox 625 801 753 874; x_wconf 76' lang='lat' dir='ltr'>PQ,</span> <span class='ocrx_word' id='word_1_37' title='bbox 770 801 851 869; x_wconf 91' lang='lat' dir='ltr'>qui</span> <span class='ocrx_word' id='word_1_38' title='bbox 877 814 1072 870; x_wconf 80' lang='lat' dir='ltr'>apertus</span> <span class='ocrx_word' id='word_1_39' title='bbox 1093 813 1437 865; x_wconf 79' lang='lat' dir='ltr'>remaneat,vt</span> <span class='ocrx_word' id='word_1_40' title='bbox 1460 801 1609 852; x_wconf 82' lang='lat' dir='ltr'>index</span> <span class='ocrx_word' id='word_1_41' title='bbox 1632 801 1955 853; x_wconf 83' lang='lat' dir='ltr'>commoneri</span> <span class='ocrx_word' id='word_1_42' title='bbox 1974 809 2144 869; x_wconf 85' lang='lat' dir='ltr'>queat.</span> 
     </span>
     <span class='ocr_line' id='line_1_7' title="bbox 677 882 2145 954; baseline -0.001 -18"><span class='ocrx_word' id='word_1_43' title='bbox 677 883 728 936; x_wconf 76' lang='lat' dir='ltr'>Si</span> <span class='ocrx_word' id='word_1_44' title='bbox 772 900 877 954; x_wconf 72' lang='lat' dir='ltr'>quis</span> <span class='ocrx_word' id='word_1_45' title='bbox 915 885 1300 937; x_wconf 86' lang='lat' dir='ltr'>instrumentum</span> <span class='ocrx_word' id='word_1_46' title='bbox 1342 887 1391 938; x_wconf 87' lang='lat' dir='ltr'>in</span> <span class='ocrx_word' id='word_1_47' title='bbox 1432 884 1690 937; x_wconf 80' lang='lat' dir='ltr'>metallum</span> <span class='ocrx_word' id='word_1_48' title='bbox 1757 885 2010 954; x_wconf 85' lang='lat' dir='ltr'>quoddam</span> <span class='ocrx_word' id='word_1_49' title='bbox 2077 882 2145 935; x_wconf 74' lang='lat' dir='ltr'>li-</span> 
     </span>
     <span class='ocr_line' id='line_1_8' title="bbox 479 965 2142 1041; baseline 0.001 -22"><span class='ocrx_word' id='word_1_50' title='bbox 479 965 760 1039; x_wconf 65' lang='lat' dir='ltr'>quefactum</span> <span class='ocrx_word' id='word_1_51' title='bbox 807 971 1112 1038; x_wconf 81' lang='lat' dir='ltr'>immergere·</span> <span class='ocrx_word' id='word_1_52' title='bbox 1152 969 1319 1032; x_wconf 75' lang='lat' dir='ltr'>velit,</span> <span class='ocrx_word' id='word_1_53' title='bbox 1364 967 1553 1039; x_wconf 80' lang='lat' dir='ltr'>capsula</span> <span class='ocrx_word' id='word_1_54' title='bbox 1601 965 1849 1041; x_wconf 76' lang='lat' dir='ltr'>CDPQ</span> <span class='ocrx_word' id='word_1_55' title='bbox 1881 969 1943 1021; x_wconf 85' lang='lat' dir='ltr'>ad</span> <span class='ocrx_word' id='word_1_56' title='bbox 1983 965 2142 1021; x_wconf 79' lang='lat' dir='ltr'>craffi·</span> 
     </span>
     <span class='ocr_line' id='line_1_9' title="bbox 476 1051 2147 1123; baseline -0.001 -20"><span class='ocrx_word' id='word_1_57' title='bbox 476 1053 602 1104; x_wconf 88' lang='lat' dir='ltr'>tiem</span> <span class='ocrx_word' id='word_1_58' title='bbox 653 1052 797 1106; x_wconf 77' lang='lat' dir='ltr'>vuius</span> <span class='ocrx_word' id='word_1_59' title='bbox 837 1054 1033 1106; x_wconf 84' lang='lat' dir='ltr'>circiter</span> <span class='ocrx_word' id='word_1_60' title='bbox 1077 1053 1235 1106; x_wconf 83' lang='lat' dir='ltr'>lineae</span> <span class='ocrx_word' id='word_1_61' title='bbox 1274 1068 1428 1123; x_wconf 83' lang='lat' dir='ltr'>vsque</span> <span class='ocrx_word' id='word_1_62' title='bbox 1494 1053 1600 1106; x_wconf 90' lang='lat' dir='ltr'>luto</span> <span class='ocrx_word' id='word_1_63' title='bbox 1664 1051 1972 1119; x_wconf 78' lang='lat' dir='ltr'>obducatur,</span> <span class='ocrx_word' id='word_1_64' title='bbox 2038 1065 2147 1103; x_wconf 81' lang='lat' dir='ltr'>non</span> 
     </span>
     <span class='ocr_line' id='line_1_10' title="bbox 479 1135 2143 1208; baseline -0.001 -22"><span class='ocrx_word' id='word_1_65' title='bbox 479 1146 674 1187; x_wconf 82' lang='lat' dir='ltr'>tantum</span> <span class='ocrx_word' id='word_1_66' title='bbox 721 1137 779 1188; x_wconf 77' lang='lat' dir='ltr'>ad</span> <span class='ocrx_word' id='word_1_67' title='bbox 827 1136 1014 1190; x_wconf 80' lang='lat' dir='ltr'>metalli</span> <span class='ocrx_word' id='word_1_68' title='bbox 1058 1137 1233 1208; x_wconf 80' lang='lat' dir='ltr'>liquidi</span> <span class='ocrx_word' id='word_1_69' title='bbox 1274 1137 1532 1189; x_wconf 75' lang='lat' dir='ltr'>introitum</span> <span class='ocrx_word' id='word_1_70' title='bbox 1579 1135 1956 1205; x_wconf 87' lang='lat' dir='ltr'>impediendum</span> <span class='ocrx_word' id='word_1_71' title='bbox 1984 1174 2000 1199; x_wconf 85' lang='lat'>‚</span> <span class='ocrx_word' id='word_1_72' title='bbox 2055 1148 2143 1185; x_wconf 80' lang='lat' dir='ltr'>ve-</span> 
     </span>
     <span class='ocr_line' id='line_1_11' title="bbox 476 1216 2148 1288; baseline -0.003 -16"><span class='ocrx_word' id='word_1_73' title='bbox 476 1235 588 1272; x_wconf 79' lang='lat' dir='ltr'>rum</span> <span class='ocrx_word' id='word_1_74' title='bbox 632 1220 784 1271; x_wconf 78' lang='lat' dir='ltr'>etiam</span> <span class='ocrx_word' id='word_1_75' title='bbox 826 1221 887 1272; x_wconf 83' lang='lat' dir='ltr'>ad</span> <span class='ocrx_word' id='word_1_76' title='bbox 938 1236 1094 1272; x_wconf 87' lang='lat' dir='ltr'>omne</span> <span class='ocrx_word' id='word_1_77' title='bbox 1121 1259 1141 1284; x_wconf 73' lang='lat'>‚,</span> <span class='ocrx_word' id='word_1_78' title='bbox 1204 1219 1343 1288; x_wconf 84' lang='lat' dir='ltr'>qnod</span> <span class='ocrx_word' id='word_1_79' title='bbox 1382 1216 1577 1287; x_wconf 80' lang='lat' dir='ltr'>capsula</span> <span class='ocrx_word' id='word_1_80' title='bbox 1618 1218 1731 1271; x_wconf 82' lang='lat' dir='ltr'>alias</span> <span class='ocrx_word' id='word_1_81' title='bbox 1772 1218 1876 1288; x_wconf 84' lang='lat' dir='ltr'>pati</span> <span class='ocrx_word' id='word_1_82' title='bbox 1944 1216 2101 1287; x_wconf 74' lang='lat' dir='ltr'>posset</span> <span class='ocrx_word' id='word_1_83' title='bbox 2128 1257 2148 1284; x_wconf 85' lang='lat'>,</span> 
     </span>
     <span class='ocr_line' id='line_1_12' title="bbox 479 1300 2148 1369; baseline -0.001 -16"><span class='ocrx_word' id='word_1_84' title='bbox 479 1301 833 1354; x_wconf 76' lang='lat' dir='ltr'>detrimentum</span> <span class='ocrx_word' id='word_1_85' title='bbox 880 1303 1228 1355; x_wconf 83' lang='lat' dir='ltr'>auertendum.</span> <span class='ocrx_word' id='word_1_86' title='bbox 1307 1300 1501 1354; x_wconf 85' lang='lat' dir='ltr'>Lutum</span> <span class='ocrx_word' id='word_1_87' title='bbox 1562 1300 1665 1355; x_wconf 91' lang='lat' dir='ltr'>hoc</span> <span class='ocrx_word' id='word_1_88' title='bbox 1693 1343 1708 1367; x_wconf 81' lang='lat'>,</span> <span class='ocrx_word' id='word_1_89' title='bbox 1775 1300 2148 1369; x_wconf 70' lang='lat' dir='ltr'>experimentis</span> 
     </span>
     <span class='ocr_line' id='line_1_13' title="bbox 480 1382 2144 1460; baseline -0.001 -22"><span class='ocrx_word' id='word_1_90' title='bbox 480 1385 622 1439; x_wconf 63' lang='lat' dir='ltr'>saetis</span> <span class='ocrx_word' id='word_1_91' title='bbox 647 1423 660 1443; x_wconf 78' lang='lat'>,</span> <span class='ocrx_word' id='word_1_92' title='bbox 707 1403 802 1455; x_wconf 89' lang='lat' dir='ltr'>pro</span> <span class='ocrx_word' id='word_1_93' title='bbox 845 1386 1004 1438; x_wconf 87' lang='lat' dir='ltr'>lubitu</span> <span class='ocrx_word' id='word_1_94' title='bbox 1045 1387 1232 1438; x_wconf 81' lang='lat' dir='ltr'>iterum</span> <span class='ocrx_word' id='word_1_95' title='bbox 1275 1384 1480 1441; x_wconf 86' lang='lat' dir='ltr'>tollitur.</span> <span class='ocrx_word' id='word_1_96' title='bbox 1577 1384 1769 1460; x_wconf 78' lang='lat' dir='ltr'>Quodsi</span> <span class='ocrx_word' id='word_1_97' title='bbox 1823 1399 1948 1436; x_wconf 80' lang='lat' dir='ltr'>vero</span> <span class='ocrx_word' id='word_1_98' title='bbox 2008 1382 2144 1436; x_wconf 77' lang='lat' dir='ltr'>circa</span> 
     </span>
     <span class='ocr_line' id='line_1_14' title="bbox 479 1466 2148 1538; baseline -0.002 -16"><span class='ocrx_word' id='word_1_99' title='bbox 479 1468 626 1538; x_wconf 78' lang='lat' dir='ltr'>frigus</span> <span class='ocrx_word' id='word_1_100' title='bbox 668 1468 919 1521; x_wconf 80' lang='lat' dir='ltr'>artificiale</span> <span class='ocrx_word' id='word_1_101' title='bbox 961 1470 1317 1538; x_wconf 81' lang='lat' dir='ltr'>experimenta</span> <span class='ocrx_word' id='word_1_102' title='bbox 1359 1467 1452 1520; x_wconf 86' lang='lat' dir='ltr'>fint</span> <span class='ocrx_word' id='word_1_103' title='bbox 1518 1469 1807 1522; x_wconf 78' lang='lat' dir='ltr'>instituenda</span> <span class='ocrx_word' id='word_1_104' title='bbox 1833 1510 1847 1535; x_wconf 90' lang='lat'>‚</span> <span class='ocrx_word' id='word_1_105' title='bbox 1921 1466 2148 1520; x_wconf 82' lang='lat' dir='ltr'>thermo·</span> 
     </span>
     <span class='ocr_line' id='line_1_15' title="bbox 481 1551 2147 1621; baseline -0.002 -16"><span class='ocrx_word' id='word_1_106' title='bbox 481 1553 633 1605; x_wconf 86' lang='lat' dir='ltr'>metri</span> <span class='ocrx_word' id='word_1_107' title='bbox 675 1553 865 1621; x_wconf 72' lang='lat' dir='ltr'>capsula</span> <span class='ocrx_word' id='word_1_108' title='bbox 915 1554 1113 1604; x_wconf 86' lang='lat' dir='ltr'>vernice</span> <span class='ocrx_word' id='word_1_109' title='bbox 1155 1551 1335 1618; x_wconf 81' lang='lat' dir='ltr'>calida,</span> <span class='ocrx_word' id='word_1_110' title='bbox 1375 1565 1443 1603; x_wconf 83' lang='lat' dir='ltr'>ex</span> <span class='ocrx_word' id='word_1_111' title='bbox 1487 1551 1572 1604; x_wconf 90' lang='lat' dir='ltr'>lini</span> <span class='ocrx_word' id='word_1_112' title='bbox 1616 1552 1737 1604; x_wconf 87' lang='lat' dir='ltr'>oleo</span> <span class='ocrx_word' id='word_1_113' title='bbox 1775 1564 1826 1602; x_wconf 91' lang='lat' dir='ltr'>et</span> <span class='ocrx_word' id='word_1_114' title='bbox 1878 1552 1987 1620; x_wconf 88' lang='lat' dir='ltr'>pice</span> <span class='ocrx_word' id='word_1_115' title='bbox 2025 1565 2147 1603; x_wconf 86' lang='lat' dir='ltr'>con·</span> 
     </span>
     <span class='ocr_line' id='line_1_16' title="bbox 480 1632 2153 1702; baseline -0.001 -15"><span class='ocrx_word' id='word_1_116' title='bbox 480 1632 625 1699; x_wconf 64' lang='lat' dir='ltr'>stira,</span> <span class='ocrx_word' id='word_1_117' title='bbox 650 1634 720 1685; x_wconf 87' lang='lat' dir='ltr'>est</span> <span class='ocrx_word' id='word_1_118' title='bbox 762 1635 1051 1686; x_wconf 80' lang='lat' dir='ltr'>obducenda</span> <span class='ocrx_word' id='word_1_119' title='bbox 1082 1674 1098 1702; x_wconf 83' lang='lat'>.,</span> <span class='ocrx_word' id='word_1_120' title='bbox 1144 1651 1206 1686; x_wconf 88' lang='lat' dir='ltr'>ne</span> <span class='ocrx_word' id='word_1_121' title='bbox 1257 1634 1525 1688; x_wconf 81' lang='lat' dir='ltr'>metallum</span> <span class='ocrx_word' id='word_1_122' title='bbox 1571 1635 1634 1688; x_wconf 80' lang='lat' dir='ltr'>ab</span> <span class='ocrx_word' id='word_1_123' title='bbox 1676 1633 1820 1686; x_wconf 77' lang='lat' dir='ltr'>acida</span> <span class='ocrx_word' id='word_1_124' title='bbox 1858 1634 2153 1702; x_wconf 72' lang='lat' dir='ltr'>mixtione,</span> 
     </span>
     <span class='ocr_line' id='line_1_17' title="bbox 476 1716 1478 1788; baseline 0.001 -18"><span class='ocrx_word' id='word_1_125' title='bbox 476 1716 532 1770; x_wconf 86' lang='lat' dir='ltr'>in</span> <span class='ocrx_word' id='word_1_126' title='bbox 571 1732 724 1788; x_wconf 76' lang='lat' dir='ltr'>quarn</span> <span class='ocrx_word' id='word_1_127' title='bbox 765 1718 1122 1788; x_wconf 72' lang='lat' dir='ltr'>immergitur,</span> <span class='ocrx_word' id='word_1_128' title='bbox 1163 1720 1478 1773; x_wconf 76' lang='lat' dir='ltr'>corrodatur.</span> 
     </span>
     <span class='ocr_line' id='line_1_18' title="bbox 625 1801 2144 1877; baseline 0 -22"><span class='ocrx_word' id='word_1_129' title='bbox 625 1820 627 1822; x_wconf 90' lang='lat'>·</span> <span class='ocrx_word' id='word_1_130' title='bbox 678 1801 1144 1855; x_wconf 80' lang='lat' dir='ltr'>Thermometrum</span> <span class='ocrx_word' id='word_1_131' title='bbox 1188 1803 1539 1877; x_wconf 60' lang='lat' dir='ltr'>Loeserianum</span> <span class='ocrx_word' id='word_1_132' title='bbox 1587 1802 1903 1876; x_wconf 80' lang='lat' dir='ltr'>prismatibus</span> <span class='ocrx_word' id='word_1_133' title='bbox 1952 1801 2144 1856; x_wconf 80' lang='lat' dir='ltr'>constat</span> 
     </span>
     <span class='ocr_line' id='line_1_19' title="bbox 478 1884 2149 1954; baseline -0.001 -15"><span class='ocrx_word' id='word_1_134' title='bbox 478 1901 508 1938; x_wconf 82' lang='lat' dir='ltr'>e</span> <span class='ocrx_word' id='word_1_135' title='bbox 551 1885 719 1939; x_wconf 79' lang='lat' dir='ltr'>stanno</span> <span class='ocrx_word' id='word_1_136' title='bbox 779 1884 1025 1937; x_wconf 63' lang='lat' dir='ltr'>confectis</span> <span class='ocrx_word' id='word_1_137' title='bbox 1051 1902 1071 1954; x_wconf 66' lang='lat'>·‚,</span> <span class='ocrx_word' id='word_1_138' title='bbox 1132 1887 1271 1954; x_wconf 91' lang='lat' dir='ltr'>quod</span> <span class='ocrx_word' id='word_1_139' title='bbox 1333 1888 1591 1941; x_wconf 84' lang='lat' dir='ltr'>metallum</span> <span class='ocrx_word' id='word_1_140' title='bbox 1660 1889 1727 1940; x_wconf 84' lang='lat' dir='ltr'>ad</span> <span class='ocrx_word' id='word_1_141' title='bbox 1781 1887 2149 1940; x_wconf 63' lang='lat' dir='ltr'>obstruationes</span> 
     </span>
     <span class='ocr_line' id='line_1_20' title="bbox 480 1967 2160 2037; baseline 0.001 -18"><span class='ocrx_word' id='word_1_142' title='bbox 480 1967 906 2035; x_wconf 79' lang='lat' dir='ltr'>meteorologicas</span> <span class='ocrx_word' id='word_1_143' title='bbox 943 1967 1254 2020; x_wconf 80' lang='lat' dir='ltr'>instituendas</span> <span class='ocrx_word' id='word_1_144' title='bbox 1297 1967 1608 2037; x_wconf 74' lang='lat' dir='ltr'>aptissimum</span> <span class='ocrx_word' id='word_1_145' title='bbox 1655 1970 1724 2022; x_wconf 86' lang='lat' dir='ltr'>est</span> <span class='ocrx_word' id='word_1_146' title='bbox 1749 2011 1769 2036; x_wconf 71' lang='lat'>‚,</span> <span class='ocrx_word' id='word_1_147' title='bbox 1831 1971 1944 2037; x_wconf 77' lang='lat' dir='ltr'>qnia</span> <span class='ocrx_word' id='word_1_148' title='bbox 1983 1980 2160 2021; x_wconf 80' lang='lat' dir='ltr'>muta·</span> 
     </span>
     <span class='ocr_line' id='line_1_21' title="bbox 482 2048 2151 2125; baseline 0.002 -24"><span class='ocrx_word' id='word_1_149' title='bbox 482 2050 680 2101; x_wconf 86' lang='lat' dir='ltr'>tionem</span> <span class='ocrx_word' id='word_1_150' title='bbox 724 2063 845 2118; x_wconf 84' lang='lat' dir='ltr'>prae</span> <span class='ocrx_word' id='word_1_151' title='bbox 886 2048 1085 2117; x_wconf 87' lang='lat' dir='ltr'>reliquis</span> <span class='ocrx_word' id='word_1_152' title='bbox 1128 2051 1360 2103; x_wconf 85' lang='lat' dir='ltr'>omnium</span> <span class='ocrx_word' id='word_1_153' title='bbox 1404 2052 1593 2122; x_wconf 83' lang='lat' dir='ltr'>patitur</span> <span class='ocrx_word' id='word_1_154' title='bbox 1638 2052 1943 2103; x_wconf 81' lang='lat' dir='ltr'>maximam.</span> <span class='ocrx_word' id='word_1_155' title='bbox 2012 2049 2151 2125; x_wconf 73' lang='lat' dir='ltr'>Qlia</span> 
     </span>
     <span class='ocr_line' id='line_1_22' title="bbox 484 2130 2141 2203; baseline 0.001 -19"><span class='ocrx_word' id='word_1_156' title='bbox 484 2147 614 2185; x_wconf 75' lang='lat' dir='ltr'>vero</span> <span class='ocrx_word' id='word_1_157' title='bbox 655 2132 788 2184; x_wconf 89' lang='lat' dir='ltr'>idem</span> <span class='ocrx_word' id='word_1_158' title='bbox 835 2130 920 2185; x_wconf 93' lang='lat' dir='ltr'>sub</span> <span class='ocrx_word' id='word_1_159' title='bbox 961 2132 1061 2183; x_wconf 87' lang='lat' dir='ltr'>leui</span> <span class='ocrx_word' id='word_1_160' title='bbox 1099 2133 1277 2187; x_wconf 78' lang='lat' dir='ltr'>caloris</span> <span class='ocrx_word' id='word_1_161' title='bbox 1312 2136 1467 2203; x_wconf 86' lang='lat' dir='ltr'>gradu</span> <span class='ocrx_word' id='word_1_162' title='bbox 1521 2132 1778 2201; x_wconf 81' lang='lat' dir='ltr'>liquescit,</span> <span class='ocrx_word' id='word_1_163' title='bbox 1808 2146 1860 2185; x_wconf 90' lang='lat' dir='ltr'>et</span> <span class='ocrx_word' id='word_1_164' title='bbox 1904 2150 1993 2203; x_wconf 88' lang='lat' dir='ltr'>per</span> <span class='ocrx_word' id='word_1_165' title='bbox 2016 2149 2141 2186; x_wconf 88' lang='lat' dir='ltr'>con-</span> 
     </span>
     <span class='ocr_line' id='line_1_23' title="bbox 484 2213 2143 2286; baseline -0.002 -19"><span class='ocrx_word' id='word_1_166' title='bbox 484 2213 688 2284; x_wconf 75' lang='lat' dir='ltr'>sequens</span> <span class='ocrx_word' id='word_1_167' title='bbox 727 2214 1087 2286; x_wconf 79' lang='lat' dir='ltr'>experimentis</span> <span class='ocrx_word' id='word_1_168' title='bbox 1124 2217 1484 2285; x_wconf 85' lang='lat' dir='ltr'>pyrometricis</span> <span class='ocrx_word' id='word_1_169' title='bbox 1524 2216 1837 2268; x_wconf 80' lang='lat' dir='ltr'>instituendis</span> <span class='ocrx_word' id='word_1_170' title='bbox 1871 2230 1974 2267; x_wconf 88' lang='lat' dir='ltr'>non</span> <span class='ocrx_word' id='word_1_171' title='bbox 2022 2232 2143 2269; x_wconf 86' lang='lat' dir='ltr'>con.-</span> 
     </span>
     <span class='ocr_line' id='line_1_24' title="bbox 484 2297 2151 2370; baseline 0.001 -19"><span class='ocrx_word' id='word_1_172' title='bbox 484 2302 623 2351; x_wconf 72' lang='lat' dir='ltr'>venit</span> <span class='ocrx_word' id='word_1_173' title='bbox 660 2341 675 2369; x_wconf 75' lang='lat'><strong>⁷</strong></span> <span class='ocrx_word' id='word_1_174' title='bbox 742 2308 1002 2368; x_wconf 82' lang='lat' dir='ltr'>argentum</span> <span class='ocrx_word' id='word_1_175' title='bbox 1048 2299 1175 2369; x_wconf 85' lang='lat' dir='ltr'>elegi</span> <span class='ocrx_word' id='word_1_176' title='bbox 1204 2341 1219 2370; x_wconf 77' lang='lat'>,</span> <span class='ocrx_word' id='word_1_177' title='bbox 1262 2301 1393 2369; x_wconf 87' lang='lat' dir='ltr'>quod</span> <span class='ocrx_word' id='word_1_178' title='bbox 1437 2310 1488 2352; x_wconf 86' lang='lat' dir='ltr'>et</span> <span class='ocrx_word' id='word_1_179' title='bbox 1528 2297 1828 2351; x_wconf 85' lang='lat' dir='ltr'>difficillime</span> <span class='ocrx_word' id='word_1_180' title='bbox 1892 2297 2151 2368; x_wconf 79' lang='lat' dir='ltr'>liquescit,</span> 
     </span>
     <span class='ocr_line' id='line_1_25' title="bbox 485 2380 2145 2454; baseline 0.002 -20"><span class='ocrx_word' id='word_1_181' title='bbox 485 2394 533 2435; x_wconf 86' lang='lat' dir='ltr'>et</span> <span class='ocrx_word' id='word_1_182' title='bbox 577 2383 768 2436; x_wconf 87' lang='lat' dir='ltr'>ratione</span> <span class='ocrx_word' id='word_1_183' title='bbox 814 2382 1131 2448; x_wconf 79' lang='lat' dir='ltr'>mutationis,</span> <span class='ocrx_word' id='word_1_184' title='bbox 1177 2398 1326 2453; x_wconf 85' lang='lat' dir='ltr'>quam</span> <span class='ocrx_word' id='word_1_185' title='bbox 1369 2399 1398 2436; x_wconf 83' lang='lat' dir='ltr'><strong>a</strong></span> <span class='ocrx_word' id='word_1_186' title='bbox 1441 2381 1609 2436; x_wconf 82' lang='lat' dir='ltr'>calore</span> <span class='ocrx_word' id='word_1_187' title='bbox 1654 2381 1736 2435; x_wconf 87' lang='lat' dir='ltr'>vel</span> <span class='ocrx_word' id='word_1_188' title='bbox 1780 2380 1973 2451; x_wconf 73' lang='lat' dir='ltr'>frigore·</span> <span class='ocrx_word' id='word_1_189' title='bbox 2011 2383 2145 2454; x_wconf 86' lang='lat' dir='ltr'>pati-</span> 
     </span>
     <span class='ocr_line' id='line_1_26' title="bbox 485 2465 2148 2537; baseline 0.002 -20"><span class='ocrx_word' id='word_1_190' title='bbox 485 2476 562 2519; x_wconf 78' lang='lat' dir='ltr'>tur</span> <span class='ocrx_word' id='word_1_191' title='bbox 586 2504 600 2529; x_wconf 92' lang='lat'>‚</span> <span class='ocrx_word' id='word_1_192' title='bbox 667 2466 725 2519; x_wconf 81' lang='lat' dir='ltr'>ad</span> <span class='ocrx_word' id='word_1_193' title='bbox 775 2466 995 2518; x_wconf 80' lang='lat' dir='ltr'>stannum</span> <span class='ocrx_word' id='word_1_194' title='bbox 1039 2465 1117 2519; x_wconf 89' lang='lat' dir='ltr'>seu</span> <span class='ocrx_word' id='word_1_195' title='bbox 1158 2465 1424 2537; x_wconf 89' lang='lat' dir='ltr'>plumbum</span> <span class='ocrx_word' id='word_1_196' title='bbox 1470 2467 1710 2535; x_wconf 84' lang='lat' dir='ltr'>proxim-e</span> <span class='ocrx_word' id='word_1_197' title='bbox 1766 2467 1998 2535; x_wconf 86' lang='lat' dir='ltr'>accedit;</span> <span class='ocrx_word' id='word_1_198' title='bbox 2066 2466 2148 2520; x_wconf 74' lang='lat' dir='ltr'>vti</span> 
     </span>
     <span class='ocr_line' id='line_1_27' title="bbox 484 2545 2154 2627; baseline 0.001 -24"><span class='ocrx_word' id='word_1_199' title='bbox 484 2564 554 2603; x_wconf 76' lang='lat' dir='ltr'>ex</span> <span class='ocrx_word' id='word_1_200' title='bbox 594 2545 709 2602; x_wconf 87' lang='lat' dir='ltr'>Cel.</span> <span class='ocrx_word' id='word_1_201' title='bbox 754 2548 992 2620; x_wconf 82' lang='lat' dir='ltr'>Bougueri</span> <span class='ocrx_word' id='word_1_202' title='bbox 1036 2551 1417 2621; x_wconf 77' lang='lat' dir='ltr'>experimentiS,</span> <span class='ocrx_word' id='word_1_203' title='bbox 1458 2551 1681 2627; x_wconf 81' lang='lat' dir='ltr'>Quitoae</span> <span class='ocrx_word' id='word_1_204' title='bbox 1722 2549 1867 2605; x_wconf 65' lang='lat' dir='ltr'>faffls</span> <span class='ocrx_word' id='word_1_205' title='bbox 1907 2545 2028 2620; x_wconf 46' lang='grc' dir='ltr'>(ἢ,</span> <span class='ocrx_word' id='word_1_206' title='bbox 2052 2568 2154 2606; x_wconf 79' lang='lat' dir='ltr'>no-</span> 
     </span>
    </p>
   </div>
   <div class='ocr_carea' id='block_1_3' title="bbox 2029 2648 2145 2690">
    <p class='ocr_par' dir='ltr' id='par_1_3' title="bbox 2029 2648 2145 2690">
     <span class='ocr_line' id='line_1_28' title="bbox 2029 2648 2145 2690; baseline 0.009 -2"><span class='ocrx_word' id='word_1_207' title='bbox 2029 2648 2145 2690; x_wconf 72' lang='lat' dir='ltr'>tum</span> 
     </span>
    </p>
   </div>
   <div class='ocr_carea' id='block_1_4' title="bbox 491 2723 631 2741">
    <p class='ocr_par' dir='ltr' id='par_1_4' title="bbox 491 2723 631 2741">
     <span class='ocr_line' id='line_1_29' title="bbox 491 2723 631 2741; baseline -0.007 0"><span class='ocrx_word' id='word_1_208' title='bbox 491 2723 631 2741; x_wconf 72' lang='lat'>———-</span> 
     </span>
    </p>
   </div>
   <div class='ocr_carea' id='block_1_5' title="bbox 489 2750 2150 3087">
    <p class='ocr_par' dir='ltr' id='par_1_5' title="bbox 489 2750 2150 3087">
     <span class='ocr_line' id='line_1_30' title="bbox 489 2750 2149 2821; baseline 0.004 -23"><span class='ocrx_word' id='word_1_209' title='bbox 489 2750 546 2814; x_wconf 60' lang='grc' dir='ltr'>Γ)</span> <span class='ocrx_word' id='word_1_210' title='bbox 576 2755 674 2800; x_wconf 85' lang='lat' dir='ltr'>Vid.</span> <span class='ocrx_word' id='word_1_211' title='bbox 707 2760 952 2801; x_wconf 82' lang='lat' dir='ltr'>Memoires</span> <span class='ocrx_word' id='word_1_212' title='bbox 985 2758 1039 2802; x_wconf 87' lang='lat' dir='ltr'>de</span> <span class='ocrx_word' id='word_1_213' title='bbox 1071 2758 1230 2803; x_wconf 85' lang='lat' dir='ltr'>l’Acad.</span> <span class='ocrx_word' id='word_1_214' title='bbox 1266 2758 1320 2804; x_wconf 88' lang='lat' dir='ltr'>de</span> <span class='ocrx_word' id='word_1_215' title='bbox 1365 2763 1433 2805; x_wconf 88' lang='lat' dir='ltr'>Se.</span> <span class='ocrx_word' id='word_1_216' title='bbox 1469 2760 1520 2805; x_wconf 87' lang='lat' dir='ltr'>ad</span> <span class='ocrx_word' id='word_1_217' title='bbox 1551 2777 1618 2805; x_wconf 89' lang='lat' dir='ltr'>an.</span> <span class='ocrx_word' id='word_1_218' title='bbox 1657 2773 1797 2820; x_wconf 82' lang='lat'>1743.</span> <span class='ocrx_word' id='word_1_219' title='bbox 1832 2775 1877 2821; x_wconf 90' lang='lat' dir='ltr'>p.</span> <span class='ocrx_word' id='word_1_220' title='bbox 1915 2775 2032 2818; x_wconf 52' lang='lat'>230*</span> <span class='ocrx_word' id='word_1_221' title='bbox 2058 2768 2149 2803; x_wconf 79' lang='lat' dir='ltr'>etc.</span> 
     </span>
     <span class='ocr_line' id='line_1_31' title="bbox 555 2820 2150 2889; baseline 0 -23"><span class='ocrx_word' id='word_1_222' title='bbox 555 2823 671 2866; x_wconf 85' lang='lat' dir='ltr'>Cum</span> <span class='ocrx_word' id='word_1_223' title='bbox 708 2820 856 2866; x_wconf 78' lang='lat' dir='ltr'>stanno</span> <span class='ocrx_word' id='word_1_224' title='bbox 887 2823 977 2884; x_wconf 88' lang='lat' dir='ltr'>ipso</span> <span class='ocrx_word' id='word_1_225' title='bbox 1010 2823 1186 2885; x_wconf 88' lang='lat' dir='ltr'>quidem</span> <span class='ocrx_word' id='word_1_226' title='bbox 1219 2825 1311 2869; x_wconf 89' lang='lat' dir='ltr'>Cel.</span> <span class='ocrx_word' id='word_1_227' title='bbox 1343 2828 1422 2870; x_wconf 89' lang='lat' dir='ltr'>Vir</span> <span class='ocrx_word' id='word_1_228' title='bbox 1454 2829 1759 2889; x_wconf 83' lang='lat' dir='ltr'>experimenta</span> <span class='ocrx_word' id='word_1_229' title='bbox 1787 2841 1877 2870; x_wconf 89' lang='lat' dir='ltr'>non</span> <span class='ocrx_word' id='word_1_230' title='bbox 1906 2825 2035 2875; x_wconf 79' lang='lat' dir='ltr'>fecit3</span> <span class='ocrx_word' id='word_1_231' title='bbox 2080 2823 2150 2867; x_wconf 68' lang='lat' dir='ltr'>in·</span> 
     </span>
     <span class='ocr_line' id='line_1_32' title="bbox 554 2885 2145 2950; baseline 0.003 -20"><span class='ocrx_word' id='word_1_232' title='bbox 554 2890 685 2933; x_wconf 76' lang='lat' dir='ltr'>terim</span> <span class='ocrx_word' id='word_1_233' title='bbox 716 2904 853 2950; x_wconf 90' lang='lat' dir='ltr'>quum</span> <span class='ocrx_word' id='word_1_234' title='bbox 886 2889 978 2934; x_wconf 90' lang='lat' dir='ltr'>Cel.</span> <span class='ocrx_word' id='word_1_235' title='bbox 1014 2889 1305 2947; x_wconf 81' lang='lat' dir='ltr'>Muschenbroek</span> <span class='ocrx_word' id='word_1_236' title='bbox 1350 2894 1453 2949; x_wconf 80' lang='lat' dir='ltr'>(vid</span> <span class='ocrx_word' id='word_1_237' title='bbox 1505 2890 1629 2939; x_wconf 82' lang='lat' dir='ltr'>Tent.</span> <span class='ocrx_word' id='word_1_238' title='bbox 1682 2889 1799 2936; x_wconf 76' lang='lat' dir='ltr'>Acad</span> <span class='ocrx_word' id='word_1_239' title='bbox 1857 2893 1917 2934; x_wconf 81' lang='lat' dir='ltr'>del</span> <span class='ocrx_word' id='word_1_240' title='bbox 1961 2885 2145 2934; x_wconf 66' lang='lat' dir='ltr'>Cimento</span> 
     </span>
     <span class='ocr_line' id='line_1_33' title="bbox 554 2949 2149 3020; baseline 0.003 -23"><span class='ocrx_word' id='word_1_241' title='bbox 554 2949 599 2997; x_wconf 81' lang='grc' dir='ltr'>Ρ.</span> <span class='ocrx_word' id='word_1_242' title='bbox 633 2957 691 2999; x_wconf 90' lang='grc' dir='ltr'>ΙΙ.</span> <span class='ocrx_word' id='word_1_243' title='bbox 723 2971 768 3017; x_wconf 85' lang='grc' dir='ltr'>Ρ.</span> <span class='ocrx_word' id='word_1_244' title='bbox 808 2960 915 3013; x_wconf 84' lang='lat'><em>22.)</em></span> <span class='ocrx_word' id='word_1_245' title='bbox 948 2956 1112 3001; x_wconf 85' lang='lat' dir='ltr'>nullum</span> <span class='ocrx_word' id='word_1_246' title='bbox 1141 2956 1328 3001; x_wconf 85' lang='lat' dir='ltr'>notabile</span> <span class='ocrx_word' id='word_1_247' title='bbox 1346 2956 1571 3002; x_wconf 88' lang='lat' dir='ltr'>discrimen</span> <span class='ocrx_word' id='word_1_248' title='bbox 1588 2962 1702 3004; x_wconf 79' lang='lat' dir='ltr'>inter</span> <span class='ocrx_word' id='word_1_249' title='bbox 1718 2955 1948 3020; x_wconf 89' lang='lat' dir='ltr'>plumbum</span> <span class='ocrx_word' id='word_1_250' title='bbox 1973 2963 2018 2998; x_wconf 83' lang='lat' dir='ltr'>et</span> <span class='ocrx_word' id='word_1_251' title='bbox 2034 2952 2149 3001; x_wconf 76' lang='lat' dir='ltr'>stan-</span> 
     </span>
     <span class='ocr_line' id='line_1_34' title="bbox 553 3019 2067 3087; baseline 0.001 -21"><span class='ocrx_word' id='word_1_252' title='bbox 553 3033 664 3067; x_wconf 75' lang='lat' dir='ltr'>num</span> <span class='ocrx_word' id='word_1_253' title='bbox 680 3019 1038 3087; x_wconf 82' lang='lat' dir='ltr'>deprehenderit,</span> <span class='ocrx_word' id='word_1_254' title='bbox 1053 3038 1190 3070; x_wconf 84' lang='lat' dir='ltr'>vnum</span> <span class='ocrx_word' id='word_1_255' title='bbox 1205 3038 1289 3087; x_wconf 84' lang='lat' dir='ltr'>pro</span> <span class='ocrx_word' id='word_1_256' title='bbox 1307 3021 1442 3070; x_wconf 79' lang='lat' dir='ltr'>altero</span> <span class='ocrx_word' id='word_1_257' title='bbox 1458 3023 1712 3074; x_wconf 79' lang='lat' dir='ltr'>substituere</span> <span class='ocrx_word' id='word_1_258' title='bbox 1727 3022 1870 3072; x_wconf 83' lang='lat' dir='ltr'>nullus</span> <span class='ocrx_word' id='word_1_259' title='bbox 1899 3019 2067 3069; x_wconf 71' lang='lat' dir='ltr'>dubito.</span> 
     </span>
    </p>
   </div>
   <div class='ocr_carea' id='block_1_6' title="bbox 637 2730 852 2743">
    <p class='ocr_par' dir='ltr' id='par_1_6' title="bbox 637 2730 852 2743">
     <span class='ocr_line' id='line_1_35' title="bbox 637 2730 852 2743; baseline 0 0"><span class='ocrx_word' id='word_1_260' title='bbox 637 2730 852 2743; x_wconf 95' lang='lat' dir='ltr'> </span> 
     </span>
    </p>
   </div>
   <div class='ocr_carea' id='block_1_7' title="bbox 855 2730 1072 2745">
    <p class='ocr_par' dir='ltr' id='par_1_7' title="bbox 855 2730 1072 2745">
     <span class='ocr_line' id='line_1_36' title="bbox 855 2730 1072 2745; baseline 0 809"><span class='ocrx_word' id='word_1_261' title='bbox 855 2730 1072 2745; x_wconf 95' lang='lat' dir='ltr'> </span> 
     </span>
    </p>
   </div>
   <div class='ocr_carea' id='block_1_8' title="bbox 1076 2734 1285 2746">
    <p class='ocr_par' dir='ltr' id='par_1_8' title="bbox 1076 2734 1285 2746">
     <span class='ocr_line' id='line_1_37' title="bbox 1076 2734 1285 2746; baseline 0 0"><span class='ocrx_word' id='word_1_262' title='bbox 1076 2734 1285 2746; x_wconf 95' lang='lat' dir='ltr'> </span> 
     </span>
    </p>
   </div>
   <div class='ocr_carea' id='block_1_9' title="bbox 1290 2736 1496 2746">
    <p class='ocr_par' dir='ltr' id='par_1_9' title="bbox 1290 2736 1496 2746">
     <span class='ocr_line' id='line_1_38' title="bbox 1290 2736 1496 2746; baseline 0 0"><span class='ocrx_word' id='word_1_263' title='bbox 1290 2736 1496 2746; x_wconf 95' lang='lat' dir='ltr'> </span> 
     </span>
    </p>
   </div>
   <div class='ocr_carea' id='block_1_10' title="bbox 1727 2731 1930 2745">
    <p class='ocr_par' dir='ltr' id='par_1_10' title="bbox 1727 2731 1930 2745">
     <span class='ocr_line' id='line_1_39' title="bbox 1727 2731 1930 2745; baseline 0 0"><span class='ocrx_word' id='word_1_264' title='bbox 1727 2731 1930 2745; x_wconf 95' lang='lat' dir='ltr'> </span> 
     </span>
    </p>
   </div>
   <div class='ocr_carea' id='block_1_11' title="bbox 1498 2735 1712 2748">
    <p class='ocr_par' dir='ltr' id='par_1_11' title="bbox 1498 2735 1712 2748">
     <span class='ocr_line' id='line_1_40' title="bbox 1498 2735 1712 2748; baseline 0 0"><span class='ocrx_word' id='word_1_265' title='bbox 1498 2735 1712 2748; x_wconf 95' lang='lat' dir='ltr'> </span> 
     </span>
    </p>
   </div>
   <div class='ocr_carea' id='block_1_12' title="bbox 1931 2732 2155 2747">
    <p class='ocr_par' dir='ltr' id='par_1_12' title="bbox 1931 2732 2155 2747">
     <span class='ocr_line' id='line_1_41' title="bbox 1931 2732 2155 2747; baseline 0 0"><span class='ocrx_word' id='word_1_266' title='bbox 1931 2732 2155 2747; x_wconf 95' lang='lat' dir='ltr'> </span> 
     </span>
    </p>
   </div>
  </div>
 </body>
</html>
