2342 3554
622 246 1461 314 EMENDATIO.
1754 272 1873 324 491

198 401 542 458 ditamentum
573 445 589 474 ,
631 418 788 459 nouae
829 402 1184 458 verificationis
1237 402 1546 458 Astronomo
1604 403 1874 477 imponere
1912 440 1915 442 -

201 488 554 542 necessitatem.
639 485 847 559 Spectat
873 527 889 556 ‚
929 491 993 541 de
1035 503 1126 556 qua
1170 486 1346 557 loquor
1375 529 1390 554 ,
1415 487 1733 557 verificaticv,
1771 493 1874 561 ipe-

200 571 301 626 culi
345 571 477 626 MN
521 571 710 637 litum,
760 572 842 642 qui
889 571 999 624 talis
1041 570 1143 623 effe
1186 570 1333 624 debet
1360 610 1378 636 ‚
1448 583 1501 623 vt
1546 573 1749 641 plmum
1798 574 1871 643 pi‹

201 655 401 722 iturae,
450 671 477 709 a
520 656 655 708 lente
698 654 944 709 obiedtiua
986 655 1223 708 formatae
1253 695 1269 724 ‚
1312 670 1428 706 cum
1477 656 1627 724 plan·
1682 655 1876 709 resticuli

199 738 467 793 coincidat.
557 738 725 793 Facile
768 751 939 793 autem
967 780 984 807 ,
1051 738 1087 792 ss
1132 740 1185 792 in
1241 737 1419 808 speculi
1461 737 1548 791 situ
1618 754 1875 809 peccatum

199 821 347 876 fuerit
372 859 388 889 ‚
437 835 490 877 et
529 824 709 876 vitium
754 822 1140 895 deprehenditur
1164 865 1177 890 ,
1218 833 1267 874 et
1306 821 1579 892 corrigitur<
1647 822 1699 876 Si
1729 839 1869 876 nem-

200 922 271 977 pe
314 921 581 961 erroneum
629 904 802 960 habeat
843 906 1090 977 speculum
1137 907 1283 960 situm
1309 944 1324 970 ‚
1368 918 1515 977 atque
1560 908 1625 960 ita
1672 908 1873 977 adapte-

199 1000 282 1042 tur
326 991 465 1045 tubus
495 1033 511 1060 ‚
551 1004 607 1044 vt
651 990 704 1044 in
748 989 921 1060 campi
977 1003 1156 1045 centro
1186 1031 1202 1059 ‚
1266 988 1392 1042 nulla
1455 992 1599 1045 detur
1669 990 1870 1044 filorum

195 1072 393 1124 reticuli
437 1072 706 1143 parallaxis
732 1108 751 1140 ‚
802 1074 1131 1129 obseruabitur
1157 1117 1174 1144 ‚
1226 1072 1413 1145 punsta
1452 1075 1679 1146 imaginis
1703 1119 1718 1143 ,
1787 1085 1875 1128 aut

194 1150 339 1224 supra
379 1165 432 1206 et
476 1155 640 1220 infra,
703 1169 789 1209 aut
833 1160 895 1212 ad
941 1160 1177 1212 dextram
1242 1171 1297 1211 et
1364 1156 1603 1213 sinistram
1672 1159 1866 1227 centri,

194 1235 286 1290 fita
311 1277 328 1305 ‚
372 1237 644 1291 sensibilem
690 1234 875 1290 habere
921 1243 1196 1308 parallaxin
1220 1282 1235 1306 ,
1276 1242 1411 1309 quod
1456 1242 1638 1296 indicio
1679 1242 1867 1295 liaben-

194 1319 318 1374 dum
359 1320 471 1390 est,
520 1320 835 1375 correctione
890 1321 1114 1393 indigere
1179 1321 1358 1392 speculi
1421 1322 1569 1376 situm
1702 1324 1869 1377 Facile

193 1419 322 1458 vero
362 1405 642 1473 iudicatur,
695 1420 966 1475 quamnam
1011 1407 1062 1457 in
1130 1420 1328 1474 partem
1397 1405 1735 1462 inclinandum
1808 1407 1867 1460 fit

191 1487 440 1559 speculum
468 1531 484 1559 ‚
526 1502 585 1540 vt
628 1489 741 1542 fitus
780 1486 931 1558 ipsius
976 1489 1287 1543 emendetur.
1333 1484 1488 1542 Secsto
1532 1507 1721 1561 nempe
1746 1491 1867 1544 tubo

191 1568 423 1626 HGIM
453 1615 469 1641 ‚
512 1571 605 1642 Fig
675 1588 726 1625 1.
768 1587 856 1644 per
898 1588 1049 1626 axem
1079 1624 1092 1641 ‚
1171 1571 1230 1625 fit
1274 1573 1324 1624 in
1367 1573 1476 1644 Fig.
1519 1590 1567 1625 2.
1621 1574 1750 1631 MN
1798 1573 1959 1640 st'l'ab
1992 1593 2077 1645 XL

191 1655 300 1710 &io
340 1671 434 1726 per
475 1656 772 1728 speculumz,
819 1655 920 1709 LK
946 1698 961 1724 ,
1029 1656 1184 1711 festio
1227 1672 1318 1725 per
1373 1659 1579 1728 planum
1630 1659 1857 1732 reticuli3
1890 1660 1991 1725 Fig.
2026 1679 2067 1711 2.

191 1739 294 1796 RS
338 1756 465 1792 vero
491 1781 505 1807 ‚
551 1740 703 1793 seatio
742 1757 835 1811 per
879 1740 1090 1809 planum
1136 1742 1388 1811 imaginis.
1480 1743 1725 1797 Punstum
1756 1744 1860 1798 iam

191 1824 420 1895 imaginis
461 1826 560 1902 Q,
628 1824 736 1895 post
783 1824 988 1894 planum
1034 1824 1268 1890 reticuli,
1311 1837 1458 1897 atque
1504 1827 1743 1898 punc‘ium
1796 1828 1850 1896 P,

189 1921 307 1961 ante
351 1908 470 1962 istud
514 1912 656 1962 litum
692 1950 708 1976 ,
751 1922 1020 1978 Vtrumque
1088 1907 1355 1963 sensibilem
1427 1910 1631 1964 habebit
1699 1912 1856 1982 paral-

185 1990 324 2044 laxin
353 2026 368 2057 ‚
414 1992 484 2045 ast
518 2030 533 2055 ‚
575 1992 739 2062 prouti
798 1991 1111 2045 notissimum
1159 1993 1491 2058 astronomis,
1534 1997 1666 2064 prius
1733 2010 1863 2062 pun«

185 2074 324 2128 &um
352 2115 367 2141 ‚
408 2076 528 2129 dum
573 2088 931 2128 commonetur
967 2076 1174 2145 oculus,
1240 2078 1373 2129 oculi
1420 2091 1623 2130 motum
1693 2079 1860 2147 sequi,

184 2157 423 2229 posterius
467 2160 517 2209 in
560 2157 827 2209 contrarias
869 2172 1027 2226 partes
1073 2160 1311 2211 traneferri
1359 2159 1605 2212 videbitur
1645 2202 1659 2229 ‚
1724 2163 1858 2230 quod

187 2241 378 2293 indicio
421 2240 530 2311 est,
576 2255 668 2310 pro
708 2241 1013 2310 corrigendo
1058 2239 1237 2310 speculi
1287 2241 1584 2310 situ‚versus
1632 2243 1680 2296 N
1732 2244 1854 2299 istud

187 2323 531 2378 adducendum
558 2365 573 2391 ‚
626 2324 789 2377 versus
858 2323 921 2377 M
964 2339 1093 2377 vero
1162 2341 1429 2397 parumper
1497 2328 1850 2381 retrahendum

186 2409 285 2460 effe
315 2450 330 2470 .,
374 2410 504 2479 quod
544 2423 644 2478 ope
690 2409 838 2462 trium
864 2445 879 2473 ,
947 2425 975 2463 a
1022 2422 1168 2477 tergo
1207 2409 1380 2478 speculi
1446 2412 1850 2483 reperiundarum

182 2493 502 2545 cochlearum
531 2532 545 2556 ,
613 2508 818 2562 quatum
863 2507 965 2563 ope
1006 2494 1057 2545 in
1100 2493 1322 2563 quamuis
1361 2505 1557 2564 partem
1626 2494 1850 2548 inclinari

184 2576 383 2647 potest,
431 2576 570 2629 facile
610 2575 846 2628 efficitur.

315 2697 326 2706 .
384 2660 619 2730 Reliquae
662 2659 1022 2714 verificationes
1065 2661 1419 2730 instrumenti,
1483 2663 1567 2718 hic
1611 2662 1849 2736 descripta

184 2741 387 2801 ratione
430 2743 696 2799 construsti
727 2787 743 2814 ,
781 2760 810 2798 a
855 2745 1094 2800 consuetis
1135 2745 1261 2800 nihil
1306 2749 1559 2803 differunt.

972 2912 1082 2987 Qq
1106 2931 1141 2985 q
1186 2931 1218 2967 2
1581 2910 1845 2973 OBSER-
