2342 3554
268 309 630 372 INSTRVM.
673 312 1196 375 ASTRONOMIC.
1236 319 1659 380 EMENDAT.
1711 336 1829 395 489

185 465 241 521 s1t
269 507 283 531 ,
329 479 379 518 et
419 467 552 536 quod
600 468 758 520 maius
799 466 868 519 est
897 504 911 531 ,
977 479 1216 537 quantum
1263 469 1666 528 obseruationum
1697 475 1840 530 'fide-

181 549 310 603 litati
353 563 495 621 atque
535 550 751 603 acumini
790 561 968 601 noceat
992 592 1007 617 ‚
1049 566 1155 603 vno
1199 567 1286 604 ore
1315 570 1715 628 conqueruntur,
1756 563 1839 632 qui

181 634 267 705 ipsi
309 634 552 687 eiusmodi
595 632 1008 686 obseruationibus
1049 635 1349 689 instituendis
1408 654 1606 694 vacant.

379 716 831 773 Commodiffimus
873 717 973 772 fine
1018 720 1172 773 dubio
1214 721 1514 776 obseruatori
1541 765 1556 784 ‚
1620 727 1844 798 corporis

183 804 452 875 capitisque
495 802 607 856 situs
638 844 652 869 ,
696 802 735 856 is
777 801 884 866 est,
924 803 1009 874 qui
1054 819 1171 873 prae
1210 804 1403 876 reliquis
1441 806 1643 863 homini
1700 825 1843 865 natu-

182 888 296 940 ralis
339 901 484 958 atque
529 886 787 940 consuetus
829 885 900 939 est
925 928 939 954 ,
983 887 1170 940 erec'tus
1210 904 1393 961 nempe
1421 930 1437 959 ,
1503 906 1646 964 atque
1692 895 1839 956 talis,

179 983 238 1023 vt
281 973 454 1025 tubum
499 970 758 1024 secundum
816 971 1006 1024 restam
1078 970 1446 1028 horizontalem
1514 977 1834 1048 introspiciat.

178 1055 283 1127 Qui
328 1056 491 1125 itaque
536 1057 772 1126 adaptare
818 1058 976 1127 poffet
1020 1054 1346 1111 instrumenta
1386 1058 1749 1129 astronomica,
1785 1076 1841 1117 vt

177 1135 460 1188 obstruator
485 1177 500 1202 ‚
542 1140 922 1208 qualescunque,
965 1152 1018 1192 et
1062 1140 1112 1192 in
1158 1157 1444 1214 quacunque
1472 1146 1670 1214 regione
1694 1147 1841 1214 coeli,

176 1218 396 1273 instituat
441 1217 836 1277 obseruationes,
878 1236 1129 1290 nunquam
1174 1225 1323 1277 alium
1352 1267 1366 1291 ,
1424 1227 1509 1281 nisi
1552 1230 1712 1281 modo
1766 1230 1840 1283 di-

182 1302 323 1357 ‹stum
360 1342 373 1368 ,
417 1301 660 1355 assumere
711 1314 915 1373 cogatur
956 1305 1175 1373 corporis
1240 1304 1389 1359 situm
1417 1347 1434 1375 ‚
1501 1308 1584 1362 hic
1628 1312 1845 1366 omnino

179 1403 284 1441 non
338 1386 759 1440 contemnendam
830 1385 1166 1439 instrumentis
1229 1388 1511 1445 conciliass‘e
1576 1393 1843 1465 perfefflo-

174 1487 298 1525 nem
341 1469 590 1524 habendus
633 1470 777 1524 foret.

362 1553 468 1610 Diu
511 1553 616 1621 est,
680 1569 747 1606 ex
802 1569 904 1624 quo
944 1554 1041 1607 tale
1084 1553 1130 1608 se
1174 1555 1399 1611 medium
1451 1558 1579 1613 mihi
1622 1560 1837 1634 obtulit,

179 1639 317 1711 quod
357 1654 474 1693 cum
504 1681 519 1706 ‚
563 1638 613 1691 in
657 1638 923 1692 adueriaria
968 1656 1081 1692 mea
1144 1641 1352 1693 relatum
1381 1685 1396 1710 ‚
1447 1659 1504 1697 ac
1566 1644 1665 1700 fere
1709 1647 1836 1702 obli·

180 1735 335 1789 tum,
396 1738 579 1795 paucos
632 1734 748 1775 ante
788 1722 890 1776 dies
929 1725 1135 1778 fortuito
1179 1723 1223 1777 se
1267 1729 1452 1780 rursum
1494 1729 1646 1782 oculis
1713 1732 1839 1786 meis

178 1807 453 1877 obtulerit,
496 1807 601 1860 {atis
640 1807 846 1877 dignum
894 1807 1020 1862 mihi
1062 1808 1219 1862 visum
1264 1809 1372 1877 est,
1436 1811 1566 1864 cuius
1610 1815 1659 1867 in
1703 1816 1833 1870 Aca-

177 1892 344 1946 demia
390 1893 704 1951 mentionem
752 1891 1022 1944 iniicerem.
1116 1892 1221 1946 Etsi
1265 1896 1406 1946 enim
1475 1894 1617 1948 facile
1684 1900 1840 1969 quiuis

177 1976 438 2045 imaginari
482 1974 600 2026 istud
643 1976 905 2041 potuerit,
952 1991 978 2027 a
1023 1979 1226 2028 nemine
1271 1991 1439 2030 tamen
1497 1978 1734 2032 hactenus
1786 1983 1840 2036 in

179 2058 320 2113 vsurn
364 2071 604 2113 vocatum
631 2056 715 2123 est,
741 2059 873 2127 quod
922 2072 1091 2113 tamen
1135 2061 1348 2112 omnino
1392 2064 1574 2117 mereri
1620 2064 1832 2119 videtur.

376 2141 462 2196 Ad
506 2140 794 2207 sequentia,
839 2139 939 2192 hoc
985 2143 1216 2213 quicquid
1262 2143 1330 2196 est
1371 2146 1562 2198 inuenti
1606 2149 1753 2215 mei,
1786 2164 1840 2204 re

172 2223 270 2296 ipsa
315 2222 516 2278 maioris
558 2221 709 2276 forsan
755 2227 1049 2290 momenti,
1110 2239 1259 2295 quam
1315 2227 1377 2279 ad
1418 2229 1643 2295 primum
1686 2232 1841 2284 intui-

177 2323 286 2364 tum
352 2307 509 2361 videri
578 2304 740 2377 potest
778 2345 794 2372 ‚
863 2307 1122 2363 reducitur.
1271 2304 1471 2362 Canalis
1533 2312 1838 2370 orichalceus

177 2391 418 2449 ABMP
448 2430 464 2456 ‚
509 2390 613 2458 Fig.
649 2404 698 2441 1.
740 2389 974 2444 insertum
1020 2407 1184 2462 gerens
1228 2410 1254 2446 a
1304 2405 1445 2470 parte
1487 2399 1722 2452 anteriori
1759 2389 2045 2471 vi-Tab.-XL

186 2488 322 2531 trum
368 2475 670 2529 obiestiuum
720 2472 866 2540 AB,
908 2474 1095 2548 aliquot
1138 2476 1346 2546 pollices
1388 2477 1588 2533 breuior
1629 2481 1726 2552 fit,
1761 2485 1839 2538 di.
1909 2458 2000 2527 Fig.
2040 2476 2085 2510 ὓ

184 2561 358 2616 stantia
400 2559 539 2613 focali
599 2558 736 2611 lentis
780 2558 904 2614 AB.
985 2562 1034 2613 A
1084 2572 1223 2632 parte
1268 2561 1566 2632 posteriori,
1609 2566 1669 2620 ad
1704 2566 1832 2637 MP,

177 2644 573 2698 afferruminetur
633 2643 721 2713 ipsi
800 2645 861 2697 ad
937 2646 1148 2715 angulos
1224 2644 1389 2698 rectos
1456 2648 1637 2702 canalis
1713 2652 1837 2707 alter

176 2724 407 2783 HIGM
436 2763 450 2792 ,
492 2726 590 2781 eius
633 2726 992 2798 longitudiniS,
1040 2742 1098 2783 vt
1147 2729 1393 2802 Vtriusque
1436 2732 1614 2785 canalis
1668 2733 1843 2802 longi-·

177 2813 300 2865 tudo
341 2811 481 2866 simul
525 2810 679 2865 sumta
706 2849 721 2879 ‚
759 2813 1008 2866 summam
1055 2814 1394 2868 distantiarum
1440 2814 1671 2870 focalium
1726 2818 1835 2874 len-

175 2898 235 2952 tis
278 2896 550 2950 obiectiuae
594 2893 703 2950 AB
732 2938 747 2963 ‚
787 2909 839 2949 et
881 2897 1086 2953 ocularis
1131 2895 1263 2958 CI),
1290 2897 1523 2953 efficiat„
1579 2899 1681 2955 Vbi
1728 2902 1836 2956 iun-

259 2979 416 3036 Tom.
433 2980 695 3039 IX-Nou.
711 2977 925 3036 Comm.
1215 2981 1324 3056 Qq
1349 2998 1381 3054 q
1702 2986 1833 3058 'gun0
