2342 3554
505 324 620 390 348
823 309 1843 377 EXPERIMENTA

503 484 603 528 tate
651 488 806 541 za,
864 482 1110 540 percurrat
1166 469 1350 523 rectam
1398 464 1545 524 CF,
1611 481 1638 518 a
1678 465 1858 520 sinistra
1926 466 2088 521 versus
2129 480 2168 521 x

504 557 730 627 negarim
763 597 780 624 ,
849 556 996 625 sitque
1061 557 1106 609 R
1154 553 1392 624 punctum
1437 551 1558 603 iilud
1603 550 1692 602 vbi
1735 549 2009 604 sollicitatio
2051 567 2177 604 eua-

508 640 692 707 nescit,
738 652 785 692 et
832 640 880 690 in
929 641 1213 707 negatiuum
1262 634 1473 702 transit3
1522 633 1722 686 euidens
1767 635 1876 689 est,
1930 637 2169 706 quamdiu

506 725 644 779 filum
690 726 932 794 reperitur
973 724 1019 773 in
1064 734 1199 790 parte
1238 718 1553 772 interminata
1595 717 1761 770 rectae
1803 713 1942 784 GF,
2011 717 2174 770 versus

508 807 746 863 sinistram
793 807 963 876 pundii
1011 805 1055 859 R
1101 806 1202 869 fita,
1251 814 1500 873 perpetuo
1545 804 1751 854 tendere
1796 803 1944 874 polos
1962 816 2174 872 magne-

510 895 634 942 ticos
697 894 755 942 ad
827 888 1256 959 magnetisandum
1301 885 1445 940 filum
1491 901 1549 938 ea
1603 886 1834 953 ratione,
1890 898 1950 939 vt
2004 897 2178 938 extre-

509 989 652 1028 mum
697 991 729 1025 α
774 972 896 1041 polo
941 970 984 1026 B
1011 1011 1024 1030 ,
1067 983 1352 1025 extremum
1395 972 1435 1044 β
1484 970 1609 1040 polo
1650 974 1731 1038 A,
1774 968 1863 1023 fiat
1916 970 2178 1040 homoge-

511 1074 684 1111 neum.
770 1057 944 1131 Quam
989 1058 1211 1126 primum
1257 1072 1382 1109 vero
1438 1055 1681 1125 punctum
1750 1051 1796 1108 C
1864 1055 2063 1108 intrauit
2127 1054 2177 1105 in

519 1152 716 1211 partem
764 1139 1140 1193 interminatam
1186 1139 1345 1192 rerstae
1387 1137 1518 1204 GF,
1559 1139 1621 1191 ad
1665 1137 1895 1188 dextram
1920 1135 2088 1204 puncti
2126 1135 2176 1191 R

516 1224 654 1278 sitam
687 1265 700 1291 ‚
745 1224 937 1292 penitus
976 1223 1284 1275 contrarium
1330 1219 1553 1288 accidit3
1600 1218 1809 1270 tendunt
1851 1234 2038 1289 nempe
2064 1231 2179 1271 tune

519 1308 627 1378 poli
693 1306 752 1357 ad
822 1320 943 1356 eum
1010 1301 1381 1374 producendum
1423 1302 1638 1368 statum,
1712 1313 1770 1352 vt
1813 1314 2101 1354 extremum
2145 1318 2181 1352 α

518 1391 643 1461 polo
685 1390 734 1441 A
762 1430 776 1455 ,
818 1400 1107 1439 extremum
1153 1386 1191 1456 β
1234 1386 1357 1453 polo
1400 1383 1462 1452 B,
1487 1382 1572 1438 fiat
1595 1384 1996 1453 homogeneum.
2055 1382 2187 1438 Mo-

520 1476 590 1526 do
631 1473 793 1541 itaque
831 1466 1095 1520 difficultas
1138 1486 1177 1519 α
1246 1478 1447 1536 Vtraque
1503 1467 1847 1520 sollicitatione
1914 1468 2142 1521 maxima
2167 1506 2183 1534 ,

521 1556 728 1626 pofitiua
771 1567 957 1621 nempe
1001 1564 1052 1604 et
1094 1549 1322 1621 negatiua
1350 1590 1365 1616 ‚
1435 1549 1606 1601 minor
1646 1550 1702 1602 fit
1730 1591 1745 1615 ,
1790 1551 1831 1602 is
1876 1551 1993 1603 inde
2038 1551 2185 1605 resul-

522 1649 629 1690 tare
667 1636 817 1688 debet
861 1634 1068 1687 effeetus
1095 1673 1111 1699 ‚
1156 1645 1207 1684 vt
1235 1675 1249 1700 ,
1316 1631 1576 1703 postquam
1632 1630 1835 1685 ductum
1905 1633 1980 1687 est
2039 1633 2187 1688 filum

520 1736 549 1774 a
588 1719 774 1774 finistra
827 1718 990 1770 versus
1040 1717 1273 1771 dextram
1305 1755 1321 1782 ‚
1385 1732 1441 1769 ea
1484 1716 1678 1768 ratione
1749 1714 2149 1787 magnetificetur
2174 1758 2191 1786 ,

522 1818 582 1858 vt
628 1815 911 1856 extremum
978 1818 1012 1852 α
1057 1801 1178 1870 polo
1233 1803 1281 1854 A
1310 1837 1326 1859 ,
1370 1813 1664 1854 extremum
1714 1801 1753 1872 β
1800 1801 1926 1871 polo
1969 1801 2014 1856 B
2042 1841 2057 1868 ,
2102 1802 2192 1855 fiat

527 1888 932 1956 homogeneurn.
1013 1884 1205 1957 Quodsi
1257 1899 1380 1937 vero
1420 1884 1564 1936 filum
1605 1886 1851 1938 contraria
1891 1886 2192 1956 diredtione‚

528 1987 557 2022 a
598 1971 770 2022 dextra
814 1983 1004 2036 nempe
1046 1966 1206 2019 versus
1252 1965 1487 2017 sinistram
1515 2007 1530 2031 ,
1596 1968 1791 2018 incedat
1843 1986 1937 2036 per
1983 1969 2193 2020 ‘reblam

532 2049 636 2104 GF
664 2088 679 2108 ‚
723 2050 1009 2119 oppositum
1052 2048 1170 2100 oriri
1210 2047 1388 2099 debere
1428 2047 1696 2113 effectum,
1739 2063 1893 2118 aeque
1936 2048 2078 2102 facile
2103 2065 2196 2120 pa-

535 2148 654 2204 tet3
702 2145 808 2184 tum
854 2132 986 2183 enim
1055 2143 1350 2183 extremum
1398 2148 1431 2181 α
1476 2130 1598 2197 polo
1643 2127 1687 2182 B
1714 2169 1732 2198 ‚
1793 2144 2085 2187 extremum
2153 2133 2194 2205 β

536 2218 657 2290 polo
700 2216 751 2268 A
782 2253 800 2285 ,
843 2214 1050 2268 euadere
1091 2214 1241 2267 debet
1284 2212 1684 2280 homogeneum.

732 2360 924 2417 Prorsus
967 2362 1137 2416 similis
1177 2360 1246 2414 est
1289 2362 1423 2415 ratio
1466 2362 1599 2415 casus
1642 2360 1878 2431 secundi,
1923 2364 2012 2418 vbi
2053 2364 2197 2420 binae

538 2450 843 2521 aequationis
884 2447 1067 2500 radices
1111 2445 1346 2517 pofitiuae
1392 2446 1491 2499 sunt
1538 2446 1690 2500 reales
1731 2447 1955 2517 quidem,
1997 2449 2068 2503 ast
2110 2465 2201 2502 ae·-

539 2534 721 2606 qualeS.
827 2529 878 2585 Si
937 2547 1127 2602 nempe
1169 2531 1230 2584 ad
1273 2532 1317 2587 R
1365 2530 1508 2584 cadat
1545 2531 1687 2584 radix
1727 2531 1952 2601 negatiua
1977 2575 1993 2602 ,
2057 2532 2119 2587 ad
2164 2528 2202 2588 S

542 2633 666 2672 vero
709 2616 851 2669 binae
896 2615 1136 2686 poiitiuae
1161 2653 1177 2675 ,
1235 2615 1323 2668 etfi
1364 2613 1637 2670 sollicitatio
1675 2614 1738 2667 ad
1781 2613 1817 2669 S
1873 2614 1962 2669 fiat
2025 2608 2159 2672 nulla
2190 2653 2206 2683 ,

542 2718 647 2755 non
686 2713 857 2753 tamen
902 2700 952 2751 in
995 2700 1282 2769 negatiuum
1325 2698 1527 2768 transit,
1596 2699 1675 2752 sed
1720 2698 1882 2753 statim
1925 2701 1975 2754 in
2034 2700 2200 2771 positi·

545 2800 670 2839 vum
738 2785 1015 2836 reuertitur.
1129 2780 1263 2836 Cum
1316 2783 1477 2854 itaque
1541 2782 1605 2837 ad
1652 2783 1886 2837 sinistram
1933 2785 2107 2857 punsti
2148 2786 2198 2841 R

543 2870 597 2923 in
640 2865 894 2923 infinitum
922 2907 940 2939 ,
982 2865 1256 2922 sollicitatio
1300 2880 1547 2940 perpetuo
1588 2866 1644 2923 sit
1683 2866 1896 2940 pofitiua
1918 2908 1935 2929 ,
1988 2873 2104 2934 (aut
2143 2881 2205 2921 vt

2112 2967 2207 3006 ex-
