2342 3554
525 319 638 381 338
826 313 954 367 DE
1023 308 1834 370 EXPERIMENT'O

679 460 736 536 fi)
804 464 1004 516 retentis
1094 460 1288 531 reliquis
1377 459 1719 531 experimenti
1799 461 2188 516 circumstantiis-

522 549 799 615 omnibus‚
846 549 1088 615 magnetis
1143 560 1169 595 a
1227 544 1316 597 filo
1367 545 1644 599 distantiam
1701 546 1861 614 magis
1927 548 2188 617 magisque

521 632 823 701 adiugebam
852 673 867 696 ,
922 628 1297 700 perueniebatur
1351 631 1554 693 tandem
1623 629 1682 682 ad
1751 627 1919 682 locum
1989 634 2185 688 talem.

525 715 610 766 vbi
654 728 913 766 tentamen
956 712 1174 765 omnino
1215 713 1518 766 contrarium
1564 711 1854 766 sortiebatur
1917 728 2180 768 euentum.

525 797 617 850 Fili
664 813 847 864 nempe
892 809 1184 849 extremum
1231 813 1265 848 α
1305 795 1431 865 polo
1474 793 1520 849 Β
1547 839 1585 869 ‚⁸
1631 808 1918 850 extremum
1976 798 2016 870 β
2082 812 2182 869 po-

524 879 575 931 lo
620 882 671 934 A
718 880 1099 950 homogeneum
1139 879 1459 950 acquifiuerat
1503 881 1919 951 magnetismum.

702 1038 974 1094 Distantiae
1003 1081 1019 1111 ‚
1059 1042 1110 1094 in
1156 1058 1248 1112 qua
1300 1039 1589 1095 admiranda
1644 1031 1769 1095 haec
1822 1028 2024 1096 effecius
2082 1053 2188 1104 ext,-

525 1124 788 1195 perimenti
844 1127 1182 1179 commutatio
1240 1125 1597 1194 contingebat,
1661 1122 2024 1175 dimensionem
2093 1135 2184 1172 ex-

525 1207 687 1260 aCtam
729 1220 1000 1276 eapropter
1042 1224 1142 1260 non
1182 1208 1313 1260 addo
1340 1241 1353 1261 .
1415 1210 1649 1273 quoniam
1708 1218 1803 1273 pro
1866 1202 2185 1256 circumstan-

526 1291 708 1342 tiarum
751 1291 992 1340 varietate
1021 1327 1036 1354 ,
1081 1291 1274 1360 magnis
1314 1286 1666 1341 variationibus
1718 1285 1870 1356 ipsam
1916 1284 2193 1338 subiectam·

528 1374 621 1427 effe
664 1370 993 1442 deprehendi.
2137 1367 2165 1372 ”

709 1525 1102 1603 D·isquifitione5‚
1149 1543 1293 1586 antea
1348 1547 1375 1584 a
1443 1547 1527 1584 me
1567 1531 1786 1602 prolatae
1813 1574 1827 1600 ,
1894 1531 1958 1585 ad
2024 1530 2193 1587 hocce

527 1627 783 1668 tentamen
828 1617 922 1668 sine
965 1617 1168 1685 negotio
1205 1619 1522 1685 adaptantur.
1567 1612 1679 1668 Sint
1720 1615 1772 1666 in
1812 1615 1925 1684 Fig.
1970 1630 2022 1666 1.
2053 1628 2103 1667 et
2132 1631 2187 1676 2,

526 1698 710 1769 pune&
755 1699 805 1751 A
848 1709 897 1750 et
938 1693 983 1750 B
1029 1699 1272 1768 magnetis
1313 1697 1565 1752 cuiusdam
1611 1696 1718 1767 poli
1744 1738 1759 1765 ,
1797 1709 1851 1752 et
1892 1697 1945 1752 A
1983 1698 2187 1768 quidem

525 1782 758 1852 positiuus
783 1824 796 1846 ,
841 1778 887 1833 Β
944 1796 1065 1834 vero
1121 1783 1375 1852 negatiuus
1431 1781 1578 1854 ipsius
1642 1780 1799 1852 polus.
1907 1781 2042 1835 Tubi
2085 1778 2197 1854 aff

529 1867 664 1918 vices
715 1865 937 1918 sustineat
997 1863 1140 1918 filum
1203 1863 1421 1918 ferreum
1491 1864 1937 1937 magnetisandum.
1990 1860 2065 1938 vC
2118 1863 2189 1938 fit

529 1948 669 2001 fluidi
716 1947 982 2016 magnetici
1024 1947 1265 2018 quaedam
1312 1948 1590 2020 particula,
1638 1949 1688 1998 in
1733 1947 1826 2000 filo
1876 1949 2035 2001 ferreo
2085 1941 2123 1998 ἀ’
2147 1946 2198 2018 β

530 2029 819 2098 reperiunda
846 2069 859 2094 ‚
902 2043 1024 2097 quae
1065 2030 1188 2082 dum
1232 2028 1343 2080 ferri
1386 2042 1539 2098 poros
1579 2028 1741 2080 transit
1769 2069 1784 2098 ‚
1820 2028 2186 2081 difficultatem

532 2114 775 2183 quandam
821 2110 1142 2180 experiatur,
1210 2127 1332 2181 quae
1385 2126 1540 2175 zoe,
1609 2111 1906 2180 tandemque
1952 2111 2188 2180 fingatur,

532 2195 811 2250 ac‘tionem,
857 2210 950 2262 qua
991 2195 1095 2263 poli
1134 2193 1185 2246 A
1229 2208 1278 2247 et
1318 2192 1364 2246 B
1406 2192 1669 2245 sollicitant
1711 2195 1981 2260 magnetici
2045 2192 2196 2246 fluidi

532 2277 822 2349 particulam
870 2274 915 2329 C
943 2318 957 2343 ,
996 2276 1214 2330 exerceri
1260 2292 1317 2329 ea
1361 2276 1476 2344 lege
1500 2314 1520 2342 ‚
1581 2285 1640 2326 vt
1681 2274 1948 2334 secundum
1983 2274 2188 2329 „inuer-

531 2361 634 2414 sam
679 2361 1015 2413 distantiarum
1061 2360 1309 2414 rationem
1354 2358 1644 2423 decrescat,
1687 2369 1830 2428 atque
1885 2357 2046 2412 statim
2099 2373 2195 2433 pas-a

534 2457 605 2498 tet
633 2486 646 2511 ‚
690 2443 897 2515 superius
937 2444 1112 2498 tradita
1157 2443 1416 2496 ratiocinia
1458 2443 1633 2495 omnia
1671 2440 1769 2496 huc
1833 2441 1966 2496 trahi
2031 2441 2195 2512 posset«

533 2525 590 2581 Si
629 2529 786 2598 itaque
831 2525 971 2581 filum
1017 2547 1054 2581 oe
1081 2529 1118 2601 β
1163 2538 1413 2598 percurrat
1453 2525 1665 2598 spatium
1712 2524 1942 2601 Dng,
1973 2524 2194 2579 fluidum:

534 2611 872 2680 magneticum
901 2651 915 2677 ‚
982 2612 1097 2681 post
1137 2610 1473 2681 experimenti
1516 2608 1878 2663 institutionem
1923 2609 2086 2663 versus
2151 2622 2185 2660 α

532 2691 889 2748 condensatum
917 2735 932 2760 ‚
970 2693 1129 2747 versus
1184 2694 1222 2766 β
1290 2692 1583 2761 rarefactum
1650 2691 1957 2763 deprehendi
2016 2692 2196 2755 debet.»

535 2775 591 2831 Si
634 2791 758 2829 vero
802 2775 945 2829 filum
989 2795 1024 2828 α
1049 2778 1103 2849 β,
1146 2777 1272 2830 vltra
1313 2777 1502 2832 rectam
1531 2776 1643 2851 fg,
1686 2792 1714 2831 a
1760 2788 1993 2846 magnete
2014 2788 2192 2832 remo·-

537 2873 706 2915 veatur
731 2896 745 2916 ,
788 2871 934 2929 atque
986 2860 1197 2914 transeat
1260 2875 1351 2932 per
1417 2862 1632 2933 spatium
1686 2857 1896 2933 ngF
1921 2899 1938 2929 ,
2001 2857 2192 2930 prorsus

2064 2955 2185 2995 con-
