2342 3554
491 327 1277 400 MAGNE'IICO.
1622 348 1738 401 337

84 489 149 547 de
188 488 243 545 Ia
286 487 473 545 Pierre.
500 530 536 558 ,‚
621 487 742 542 vid.
783 483 1058 540 Memoires
1096 482 1160 537 de
1202 479 1513 535 l'Academie
1557 481 1742 536 Roffale

87 575 177 627 des
216 571 441 632 Sciences
481 573 672 628 l'annee
720 580 891 634 1730.
938 584 1051 639 pag.
1106 582 1239 631 219.
1286 564 1427 621 Edit!
1454 565 1744 618 Amsteiod.

283 690 540 761 Repetens
580 688 682 742 hoc
719 685 1123 758 experimentum
1146 726 1160 750 ,
1232 700 1338 737 non
1383 680 1541 735 (olum
1589 680 1744 732 mira-

85 774 270 830 bundus
310 772 651 845 phaenomeni
702 771 974 825 veritatem
1038 767 1384 840 deprehendi,
1451 764 1529 820 sed
1604 761 1749 817 simul

86 872 280 929 quoque
318 855 569 910 obseruaui
610 855 992 909 circumstantias
1030 853 1212 923 aliquas
1237 893 1252 918 ,
1296 849 1363 904 Ill
1428 849 1493 903 du
1535 848 1644 914 Fay
1688 862 1748 898 e-

88 941 292 1012 quidem
321 979 335 1000 ,
376 952 434 993 vt
475 938 674 993 credere
717 939 785 992 fas
826 936 934 1004 est,
958 952 1058 990 non
1103 935 1380 1004 incognitas
1405 971 1415 998 2
1442 947 1544 984 non
1569 944 1742 984 tamen

88 1023 313 1078 distinete
336 1023 399 1077 ab
441 1023 548 1093 ipso
585 1022 866 1078 enunciatas
891 1059 906 1079 ,
941 1035 1059 1094 quas
1091 1018 1329 1072 adducere
1369 1031 1554 1088 operae
1596 1029 1745 1085 prae-

87 1109 215 1161 tium
256 1105 441 1158 iudico.

290 1191 369 1249 Sit
411 1195 464 1246 in
509 1195 621 1262 Fig.
669 1212 728 1259 3.
772 1196 1005 1251 ABCD
1046 1213 1249 1264 magnes
1290 1205 1548 1261 armatus,
1608 1189 1748 1243 cuius

85 1277 196 1351 poli
236 1273 508 1332 artificiales
549 1275 639 1329 fint
681 1275 732 1328 A
776 1289 829 1329 et
873 1275 937 1329 Β.
1055 1275 1299 1329 Affumn‘s
1364 1275 1551 1345 aliquot
1604 1273 1700 1326 filis
1727 1305 1744 1336 ,

87 1378 158 1415 ex
199 1361 326 1415 ferro
369 1358 517 1413 molli
554 1357 890 1413 constantibus
916 1401 931 1426 ,
995 1357 1202 1413 craffitie
1232 1398 1250 1428 ‚
1304 1355 1457 1427 qualis
1497 1356 1566 1409 est
1619 1355 1752 1408 cala-

87 1445 165 1500 mi
201 1443 451 1513 anserini,
494 1442 691 1498 circiter
734 1442 1057 1513 gaudentibus
1085 1480 1101 1501 ,
1143 1439 1461 1510 longitudinis
1501 1457 1542 1506 4
1583 1450 1666 1493 aut
1711 1451 1740 1502 5

85 1527 328 1601 pollicum
354 1570 368 1596 ‚
408 1526 554 1597 quale
593 1527 643 1579 in
682 1523 843 1594 figura
882 1524 1147 1581 exhibetur
1187 1538 1275 1596 pet
1329 1525 1420 1597 αβ
1449 1566 1465 1594 ,
1516 1524 1632 1577 bina
1683 1522 1751 1575 se·

88 1613 287 1684 quentia
327 1609 638 1663 instituebam
685 1609 1015 1686 tentaminaz'

241 1714 312 1787 1.)
356 1715 451 1770 Fili
494 1727 730 1772 extremo
791 1733 828 1768 α
889 1715 1208 1787 applicabam
1255 1714 1431 1786 polum
1472 1712 1518 1767 B
1546 1754 1561 1785 ‚
1605 1724 1751 1783 atque

91 1810 385 1869 magnetem
429 1816 519 1871 per
564 1812 724 1854 totam
766 1797 840 1852 fili
881 1798 1249 1868 longitudinem
1295 1799 1661 1869 producebam,
1684 1797 1751 1850 ita

95 1897 157 1936 vt
199 1883 343 1954 polus
385 1879 431 1935 B
472 1885 790 1953 praecederet
818 1924 832 1949 ‚
873 1889 920 1936 A
962 1898 1087 1934 vero
1111 1879 1405 1950 sequeretur,
1449 1897 1604 1951 vsque
1628 1881 1748 1933 dum

89 1965 239 2037 polus
280 1969 330 2018 A
374 1967 433 2019 ad
489 1981 772 2018 extremum
817 1966 855 2036 β
908 1961 1250 2034 perueniffet;
1295 1977 1592 2032 remotoque
1642 1975 1752 2014 tum

91 2059 328 2118 magnete
355 2090 370 2116 ,
409 2048 640 2101 videbam
687 2046 832 2100 filum
880 2063 913 2098 α
938 2047 975 2119 β
1022 2048 1362 2115 magneticum
1406 2045 1593 2098 factum
1617 2039 1756 2095 fuiffe

96 2148 154 2185 ea
200 2132 306 2200 lege
333 2173 346 2199 ,
390 2143 446 2185 vt
489 2142 778 2184 extremum
825 2147 860 2182 α
904 2128 1028 2200 polo
1068 2129 1156 2196 A,
1197 2141 1482 2182 extremum
1527 2129 1566 2201 β
1634 2126 1760 2198 polo

94 2211 145 2269 B
185 2212 564 2282 homogeneum
611 2212 918 2282 acquifiuerit
960 2212 1370 2281 magnetismum.

254 2315 324 2372 11.
369 2317 692 2385 Repetebam
738 2316 874 2369 idem
927 2318 1328 2387 experimentum
1359 2350 1375 2381 ,
1446 2317 1593 2370 vnica
1662 2315 1760 2370 hac

102 2400 442 2455 intercedente
480 2400 754 2453 differentia
785 2442 801 2468 ,
844 2401 975 2471 quod
1022 2412 1311 2470 magnetem
1352 2400 1414 2453 ab
1466 2401 1766 2454 immediato

106 2501 225 2539 cum
265 2482 356 2536 filo
398 2500 432 2535 α
459 2483 497 2555 β
540 2484 770 2537 contactu
801 2523 817 2550 ‚
882 2483 1175 2552 interposito
1234 2482 1640 2554 parallelipipedo
1711 2483 1767 2536 li·

105 2583 241 2639 gneo
280 2566 380 2621 EF
403 2606 419 2632 ,
464 2565 574 2637 Fig.
618 2586 661 2635 4
688 2609 703 2633 ‚
742 2581 958 2620 arcerem
991 2606 1005 2635 ,
1048 2577 1258 2639 tumque
1300 2567 1767 2636 deprehendebam:

262 2666 318 2730 α)
356 2658 413 2714 Si
454 2660 677 2714 distantia
717 2661 845 2713 inter
886 2674 1174 2733 magnetem
1218 2672 1363 2730 atque
1401 2659 1544 2714 filum
1584 2663 1770 2715 admo·

108 2744 246 2799 dum'
275 2760 426 2814 parua
465 2755 571 2797 erat
601 2785 617 2813 ,
657 2743 870 2798 eundem
911 2745 1028 2799 oriri
1069 2745 1301 2799 effestum
1330 2786 1346 2813 ‚
1385 2761 1442 2798 ac
1499 2745 1550 2798 in
1607 2760 1768 2815 expe-

107 2829 327 2881 rimento
367 2827 691 2898 praecedente
721 2862 737 2895 ‚
786 2827 871 2883 vbi
915 2845 1121 2901 magnes
1160 2828 1305 2885 filum
1347 2828 1461 2883 astu
1497 2829 1766 2897 continge-

111 2911 212 2966 bat.
297 2907 353 2964 Si
396 2926 523 2965 vero

195 2992 248 3047 T
250 2992 634 3051 om.IX.Nou.
650 2992 865 3055 Comm.
1220 2997 1271 3052 V
1310 3010 1345 3049 v
1707 2987 1766 3066 β)
