2342 3554
495 304 615 372 368
812 299 1901 369 DEMAGGERIBVS

491 450 648 509 mites
685 451 1089 527 constitueretur,
1129 470 1235 511 non
1276 452 1438 510 solum
1478 451 1650 510 minor
1688 469 1903 530 campus
1954 453 2164 513 conclu-

491 536 688 597 deretur
711 580 727 608 ,
771 537 848 594 sed
896 541 1056 594 etiam
1100 555 1253 612 agger
1295 538 1497 611 longior
1538 538 1783 595 euaderet.
1869 539 2021 597 Vnde
2060 543 2161 598 Ar-

488 619 737 677 chitedtus
775 623 892 677 ideo
931 634 1127 678 tantum
1170 623 1239 678 est
1282 622 1718 695 reprehendendus
1740 665 1758 694 ,
1820 623 1964 697 quod*
2008 640 2167 697 agge-

492 721 608 762 rem
652 721 802 778 vsque
843 707 905 762 ad
945 706 1182 779 angulum
1226 719 1372 762 extus
1412 719 1714 780 vergentem
1756 704 1806 762 B
1847 705 2158 779 extenderit,

493 787 657 861 sicque
695 793 882 846 sumtus
921 790 1122 846 inutiles
1165 796 1322 860 2146
1367 790 1523 846 Thal.
1569 790 1784 864 erogarit
1802 815 1844 862 ,·
1890 807 2019 866 quos
2058 792 2164 846 eui-

491 883 602 928 tare
645 872 896 947 licuiffet3
939 891 1122 932 verum
1169 874 1292 929 haee
1336 874 1529 930 solertia
1579 875 1645 931 ab
1681 876 1893 931 homine
1933 871 2166 934 Geome-

493 956 621 1015 triae
661 957 967 1017 sublimioris
1004 970 1215 1033 experte
1260 975 1366 1015 non
1409 957 1480 1014 est
1520 959 1791 1035 exigenda.

1006 1101 1448 1183 Scholion
1558 1128 1628 1179 2.

704 1232 796 1285 24·
842 1211 1223 1292 comparemus
1264 1219 1419 1272 etiam
1458 1216 1623 1271 casum
1650 1253 1669 1288 ,
1736 1231 1840 1289 quo
1879 1230 2033 1287 agger
2090 1216 2167 1270 se-

499 1298 721 1357 cundum
764 1301 923 1371 ipsam
965 1300 1158 1356 rectam
1204 1301 1253 1356 A
1274 1301 1318 1357 E
1357 1300 1621 1355 duceretur
1645 1340 1661 1368 ‚
1710 1316 1829 1355 cum
1874 1300 1980 1353 casu
2006 1342 2023 1368 ‚
2063 1314 2170 1371 quo

495 1384 640 1442 iuxta
682 1383 863 1440 limites
908 1385 959 1439 A
984 1381 1030 1437 B
1054 1383 1100 1438 C
1122 1383 1181 1439 D
1208 1385 1257 1440 E
1294 1383 1364 1436 est
1405 1382 1621 1454 duc'tuS,
1664 1383 1841 1451 visuri,
1880 1393 2054 1437 vtrum
2095 1381 2175 1438 lu-

496 1483 676 1526 crum,
714 1482 778 1520 an
817 1468 1081 1536 damnum,
1125 1466 1242 1520 inde
1280 1466 1437 1521 suiffet
1479 1467 1879 1537 expectandum.
1924 1465 2039 1522 Hoc
2081 1482 2174 1522 au-

496 1562 606 1605 tem
652 1549 817 1604 modo
856 1565 1005 1621 agger
1045 1549 1247 1605 breuior
1287 1548 1544 1623 prodiisset
1591 1555 1667 1606 86
1719 1549 1924 1623 perticis
1947 1584 1965 1617 ‚
2035 1549 2170 1607 vnde

499 1631 753 1690 sumtuum
801 1633 1080 1689 diminutio
1124 1630 1285 1687 fuisset
1332 1637 1487 1690 8600
1519 1632 1674 1689 Thal.
1762 1631 1980 1688 Periifl‘et
2004 1645 2171 1690 autem

497 1717 669 1772 omnis
710 1728 836 1773 terra
864 1751 882 1784 ,
929 1716 1061 1772 inter
1123 1717 1308 1772 limites
1372 1714 1670 1774 ABCDE
1731 1729 1783 1774 et
1821 1717 2013 1774 restam
2057 1717 2172 1775 ΑΕ

496 1810 740 1857 contenta
767 1840 786 1871 ,
818 1815 944 1875 quae
968 1817 1088 1856 cum
1125 1801 1184 1857 fit
1228 1814 1432 1870 44237
1480 1804 1780 1874 perticarum
1806 1802 2173 1875 quadratamm,

498 1885 741 1940 damnum
777 1885 990 1939 totidem
1032 1884 1083 1938 T
1085 1883 1377 1941 halerorum
1421 1886 1548 1940 effet
1596 1886 1960 1943 aestimandum
1983 1929 2000 1956 ‚
2040 1884 2176 1963 vnde

498 1983 652 2038 agger
691 1969 826 2022 iuxta
868 1966 1058 2021 limites
1097 1968 1274 2022 duetus
1313 1969 1527 2039 praestat
1565 1985 1745 2039 aggere
1785 1970 2055 2023 secundum
2093 1984 2179 2021 re·

502 2050 641 2106 &arn
684 2050 799 2105 ΑΕ
836 2048 993 2104 όυίὶο
1020 2083 1039 2117 ,
1109 2048 1392 2105 discrimine
1430 2049 1673 2106 existente
1742 2054 1948 2119 35637
2014 2047 2173 2105 Thal.

502 2132 824 2202 Verum,vti
861 2132 967 2188 iam
1010 2132 1231 2189 vidimus
1254 2175 1271 2202 ‚
1317 2137 1475 2205 magis
1515 2134 1729 2204 expedit
1769 2149 1915 2189 arcus
1955 2130 2122 2208 PSQ
2146 2147 2178 2188 a

501 2215 751 2273 limitibus
802 2216 1030 2272 recedere
1056 2256 1073 2285 ,
1140 2233 1292 2290 quam
1359 2216 1488 2288 ipsos
1552 2215 1745 2270 limites
1811 2214 1984 2288 sequi,
2037 2215 2178 2270 lucro

503 2302 746 2358 existente
791 2302 947 2369 2146
989 2299 1147 2355 Thal.
1258 2300 1378 2356 Hoc
1423 2298 1587 2355 modo
1627 2311 1734 2355 tota
1775 2298 1971 2371 aggeris
2011 2297 2185 2371 longi—

506 2386 629 2440 tudo
669 2383 798 2439 foret
845 2391 997 2451 1085
1049 2383 1354 2456 perticarum
1381 2427 1398 2454 ,
1438 2385 1574 2440 cuius
1612 2383 1908 2453 extruCtiO,
1961 2382 2038 2438 vti
2082 2398 2179 2455 po·

456 2517 459 2520 .
505 2468 940 2540 suin1u5‚postulat
986 2477 1225 2536 108500
1274 2469 1427 2524 Thal.
1473 2485 1531 2524 ac
1574 2484 1703 2524 nunc
1745 2467 1953 2540 quidem
2000 2466 2181 2522 viden.

507 2553 629 2610 dum
673 2552 743 2607 est
769 2591 788 2621 ,
826 2569 890 2608 an
936 2554 1037 2624 agri
1075 2552 1142 2609 fic
1185 2553 1405 2626 acquifiti
1449 2555 1691 2627 quantitas
1719 2595 1736 2621 ,
1798 2565 1923 2624 quae
1965 2550 2034 2606 est
2072 2549 2181 2622 spa-

508 2637 645 2693 tium
721 2635 855 2689 inter
923 2649 1154 2693 veterem
1239 2653 1478 2708 aggerem
1555 2633 1795 2694 AGKE
1869 2647 1924 2690 et
1987 2650 2180 2690 nouum

514 2716 919 2794 APSQCDE
954 2760 971 2786 ,
1014 2718 1213 2791 superet
1261 2729 1501 2788 108500
1545 2721 1757 2792 perticas
1798 2719 2050 2790 quadratas
2090 2733 2184 2772 nec

519 2801 618 2859 ne?
659 2803 696 2858 fi
738 2805 876 2858 enirn
923 2803 1091 2858 minor
1134 2803 1278 2870 effer,
1324 2805 1625 2876 praestitisset
1667 2804 1886 2858 omnino
1914 2801 2188 2858 extruetio·

529 2904 594 2945 ne
634 2887 754 2943 noui
827 2886 1023 2961 aggeris
1093 2884 1446 2965 supersedere3
1516 2900 1723 2945 eatenus
1785 2887 1927 2943 enim
1992 2896 2189 2941 tantum

2077 2966 2186 3026 hoc
