2347 3590
799 305 953 379 *ἐς-ἐξ
996 304 1016 384 )
1061 325 1096 365 0
1144 304 1167 386 (
1212 308 1366 380 etz—am
1841 321 1915 389 19

226 469 355 510 nem
401 455 739 527 propositam,
769 471 871 529 ope
895 472 1058 513 certae
1102 459 1471 530 substitutionis,
1500 462 1551 518 in
1574 463 1758 537 aliam,
1787 485 1912 539 quae

228 540 360 593 adeo
402 538 741 596 differentialia
786 543 978 597 secundi
1018 546 1191 613 gradus
1242 548 1454 602 inuoluit
1481 590 1499 622 ,
1556 550 1870 605 transformat
1894 595 1910 621 ,

226 638 445 691 eamque
485 625 723 698 deinceps
767 644 854 699 per
894 624 1074 681 seriem
1135 629 1392 686 infinitam
1464 634 1721 708 integrat,
1788 651 1911 706 quae

227 721 393 761 autem
429 708 570 763 fier-ies
613 712 678 764 ita
719 712 789 765 est
831 726 1124 784 comparata
1151 756 1167 783 ,
1213 731 1273 770 vt
1313 718 1452 788 supra
1492 721 1787 773 memoratis
1828 735 1914 774 ca-

227 790 353 845 sibus
390 792 565 848 alicubi
634 797 958 867 abrumpatur
986 837 1003 865 ,
1049 801 1527 874 expressionemque
1570 802 1768 858 finitam
1796 802 1914 878 sup·—

229 874 450 945 peditet,
497 879 629 931 vnde
681 881 916 950 integrale
975 882 1105 952 qu'ae
1125 884 1254 938 itum
1323 886 1567 944 facillime
1632 888 1907 960 colligatur.

229 957 421 1010 Verum
467 973 639 1012 tamen
681 970 854 1016 omnia
901 964 1024 1018 haec
1068 968 1329 1038 integrali-a
1374 987 1479 1024 non
1520 971 1607 1026 nisi
1651 972 1757 1027 sunt
1799 990 1911 1045 par-

229 1039 447 1094 ticularia
477 1081 494 1105 ,
564 1060 724 1113 neque
796 1058 960 1098 totam
1021 1049 1132 1099 vim
1202 1056 1504 1120 aequationis
1574 1055 1912 1111 differentialis

227 1124 515 1196 propositae
557 1127 893 1193 exhauriunt,
941 1129 1123 1183 deinde
1168 1132 1567 1206 etiam,quoties
1610 1139 1910 1206 quantitasb

225 1209 296 1262 est
341 1210 569 1280 negitiua
605 1253 619 1278 ‚
657 1212 957 1282 imaginariis
997 1215 1065 1267 ita
1112 1215 1436 1286 inquinantur
1465 1254 1480 1284 ‚
1532 1229 1589 1272 vt
1627 1224 1776 1275 omni
1803 1222 1914 1293 pla-

223 1308 294 1346 ne
328 1292 416 1348 vsu
447 1295 786 1350 destituantur.
833 1298 1044 1369 Vtrique
1092 1299 1433 1357 incommodo
1458 1301 1571 1358 Cel.
1604 1303 1802 1360 Auctor
1843 1308 1912 1362 ita

223 1379 473 1448 medetur,
497 1392 555 1434 vt
604 1384 783 1451 primo
827 1382 1132 1437 methodum
1177 1399 1432 1458 exponat,
1471 1404 1540 1442 ex
1581 1391 1790 1462 cognito
1816 1391 1912 1446 hu-

223 1462 440 1518 iusmodi
484 1467 829 1537 aequationum
872 1469 1101 1539 integrali
1143 1472 1383 1541 quopiam
1429 1473 1714 1543 particulari
1783 1477 1914 1530 inte-

218 1546 356 1615 grale
393 1550 716 1621 completum
757 1551 1004 1624 eliciendi,
1030 1555 1164 1625 quod
1206 1556 1239 1610 fi
1283 1559 1524 1628 quantitas
1564 1557 1597 1612 b
1636 1561 1775 1615 fuerit
1815 1577 1913 1633 po-

221 1629 364 1684 sitiua
398 1673 414 1703 ,
458 1637 755 1704 quantitates
797 1640 1180 1708 exponentiales
1222 1642 1492 1711 implicat:
1562 1643 1743 1698 deinde
1785 1662 1913 1700 vero

219 1714 469 1783 ostendit,
517 1721 788 1784 quomodo
831 1722 947 1770 istae
993 1724 1286 1787 quantitates
1327 1727 1741 1796 exponentiales,
1767 1745 1910 1799 quae,

219 1795 466 1847 existente
510 1797 542 1848 b
586 1800 861 1866 negatin,
929 1799 1055 1852 finnt
1099 1803 1413 1871 imaginariae
1439 1845 1454 1871 ,
1525 1824 1614 1877 per
1653 1821 1909 1880 tangentes

222 1894 429 1932 arcuum
467 1880 792 1935 circularium
840 1881 1039 1936 realiter
1081 1888 1304 1956 exprimi
1354 1904 1560 1960 queant.
1668 1893 1907 1967 Denique

218 1978 340 2017 cum
407 1963 676 2018 methodus
720 1965 800 2018 illa
828 2008 842 2032 ,
885 1982 954 2021 ex
999 1969 1226 2039 integrali
1272 1974 1553 2041 particulari
1593 1981 1903 2050 completum

221 2045 506 2120 eliciendi,
550 2062 745 2102 certam
790 2055 1041 2121 quandam
1087 2057 1474 2125 integrationem
1516 2061 1723 2131 exigat,
1778 2083 1905 2135 quae

223 2148 422 2186 moram
455 2134 686 2187 iaceffere
726 2149 889 2206 queat,
915 2140 1064 2191 etiam
1110 2138 1225 2192 huic
1282 2141 1619 2198 incommodo
1661 2153 1905 2219 occurrit,

214 2216 341 2269 dum
388 2218 614 2286 obserna,
644 2231 763 2290 tpro
806 2223 980 2291 quouis
1021 2224 1131 2276 casu
1176 2225 1395 2295 primam
1431 2231 1774 2285 euolutionem
1801 2252 1904 2290 non

220 2317 376 2358 vnum
409 2343 425 2372 ,
472 2302 551 2358 sed
597 2305 725 2359 adeo
771 2304 874 2359 duo
915 2308 1172 2377 integralia
1220 2311 1522 2378 particularia
1550 2357 1565 2385 ,
1616 2317 1850 2385 praebere
1885 2354 1902 2384 ‚

217 2386 456 2453 quoniam
504 2388 574 2439 ibi
618 2387 832 2442 formula
880 2392 1097 2444 radicalis
1141 2387 1237 2444 Vb
1282 2395 1575 2462 ingreditur,
1625 2417 1774 2466 quam
1819 2420 1903 2454 ae-

218 2482 317 2536 que
362 2469 631 2535 negatiue,
675 2485 731 2546 ac*
773 2473 1007 2542 positiue,
1054 2474 1280 2544 accipere
1329 2479 1463 2531 licet.
1591 2482 1710 2535 Alia
1753 2485 1901 2555 igitur

217 2548 476 2604 methodo
521 2555 708 2618 vtitur‚
778 2555 909 2616 cuius
949 2572 1050 2627 ope
1092 2573 1158 2610 ex
1203 2561 1414 2631 cognitis
1455 2563 1644 2621 duobus
1687 2568 1902 2638 integra-

218 2633 342 2687 libus
387 2635 758 2704 particularibus
800 2639 1034 2709 integrale
1079 2644 1398 2714 completum
1428 2690 1442 2717 ,
1477 2649 1577 2702 sine
1623 2651 1728 2705 vlla
1769 2671 1900 2709 noua

221 2717 578 2787 integratione,
621 2721 847 2775 concludi
903 2738 1062 2792 queat.
1147 2728 1299 2801 Quod
1355 2747 1471 2785 cum
1518 2736 1579 2788 ab
1621 2752 1719 2806 eo,
1764 2740 1900 2810 quod

216 2800 374 2872 priori
423 2803 673 2857 methodo
717 2820 818 2858 erat
872 2823 1069 2861 erutum
1100 2853 1114 2875 ,
1176 2813 1445 2885 discrepare
1515 2833 1766 2891 nequeat,
1832 2840 1898 2877 ex

213 2885 472 2956 attritasque
500 2889 778 2944 collatione
823 2891 1212 2964 integrationem
1256 2900 1411 2970 priori
1455 2902 1762 2976 implicatam
1787 2907 1895 2961 effi·

1044 2993 1073 3033 C
1120 2994 1153 3032 2
1779 3005 1894 3045 Cer&
1981 3040 1985 3042 ,
