2347 3590
746 291 963 373 aaa)
1009 310 1046 349 0
1083 295 1111 399 N<
1152 292 1312 363 asse·-
1811 309 1882 363 η

203 451 289 508 ihic
327 465 563 507 numerus
610 461 880 517 2237791
929 449 1116 521 primus
1157 447 1215 502 fit
1229 481 1245 514 ‚
1302 459 1395 499 nec
1440 440 1551 500 ne?
1592 443 1883 504 diuisionem

201 554 293 610 per
335 553 520 592 omnes
558 550 797 590 numeros
860 534 1054 605 primos
1118 547 1276 604 vsque
1344 530 1405 584 ad
1472 534 1625 596 1496
1694 543 1885 584 tentate

202 626 405 694 cogitur
427 666 442 690 ,
488 622 683 694 hocque
727 620 899 673 labore
942 618 1172 674 maxime
1219 614 1442 670 taedioso
1495 615 1714 686 suscepto
1774 628 1888 668 tan-

196 706 321 761 dem
367 707 661 760 diuifionem
706 720 798 775 per
843 713 998 774 1481
1046 703 1308 756 succedere
1353 699 1723 773 deprehendet„
1800 699 1884 754 Ex

199 777 317 861 quo'
346 803 483 861 patet
527 790 793 861 problema
835 791 961 842 olim
1008 789 1139 841 inter
1185 785 1237 841 F
1238 787 1495 839 ermatium
1521 797 1572 838 et
1596 783 1679 840 W
1680 782 1883 857 allifium

201 876 465 928 trastatum
490 915 506 945 ‚
552 891 652 943 quo
694 873 970 927 methodus
1014 884 1147 927 certa
1191 871 1490 941 requiritur,
1519 884 1759 923 numeros
1784 868 1887 940 pri-

194 973 318 1010 ·mos
361 960 482 1010 dato
525 957 706 1024 quouis
751 960 969 1009 maiores
1011 954 1358 1024 inuestigandi,
1412 956 1644 1008 maxime
1687 954 1781 1006 effe
1806 969 1890 1005 ar-

194 1040 354 1094 duum
383 1082 399 1110 ,
445 1051 589 1108 atque
633 1039 763 1090 adeo
807 1040 931 1089 vires
971 1039 1161 1105 ingenii
1204 1037 1416 1091 humani
1466 1039 1723 1106 superare,
1754 1037 1892 1106 post·

198 1140 352 1194 quam
398 1120 578 1175 solutio
621 1137 648 1173 a
706 1116 1177 1174 Fermatio'tradita
1221 1120 1319 1170 iam
1365 1112 1491 1169 olim
1536 1116 1598 1169 ab
1653 1119 1882 1171 Auctore

197 1206 339 1262 huius
384 1205 730 1261 dissertationis
769 1205 840 1258 est
885 1203 1172 1276 profligata.
1259 1201 1397 1276 Quin
1450 1201 1605 1254 etiam
1661 1201 1882 1273 quaestio

191 1291 299 1345 iam
345 1293 574 1346 maxime
619 1288 834 1343 difficilis
877 1289 946 1342 est
985 1284 1258 1360 reputanda
1289 1327 1305 1355 ‚
1355 1286 1390 1340 si
1458 1288 1658 1339 numeri
1730 1285 1884 1355 primi

188 1378 415 1432 centenis
458 1374 677 1431 millibus
718 1376 802 1428 vel
846 1376 974 1428 adeo
1015 1388 1126 1427 vno
1169 1371 1396 1426 millione
1436 1371 1658 1424 maiores
1692 1370 1882 1424 deside-

189 1473 388 1516 rentur.
491 1459 704 1515 Interim
760 1471 933 1513 tamen
981 1458 1033 1513 in
1078 1457 1171 1510 hac
1210 1456 1246 1509 rd
1269 1455 1549 1510 ffertatione
1616 1453 1882 1508 methodus

191 1542 302 1599 satis
343 1547 577 1617 expedita
622 1545 827 1598 traditur
867 1543 972 1597 hoc
1013 1541 1287 1614 praestandi
1316 1583 1331 1611 ‚
1377 1543 1497 1594 dum
1537 1539 1732 1593 Austor
1754 1538 1882 1592 alios

192 1644 437 1684 numeros
481 1646 585 1684 non
629 1629 1001 1699 contemplatur
1026 1668 1046 1699 ,
1111 1625 1230 1679 nifi-
1266 1625 1351 1695 qui
1421 1624 1608 1677 vuitate
1652 1623 1879 1694 superent

194 1716 458 1780 quadratos
486 1751 504 1778 .,
568 1712 646 1763 seu
712 1714 764 1761 in
824 1713 920 1761 hac
982 1713 1144 1760 forma
1194 1717 1417 1766 ,αα-ιη
1489 1707 1578 1758 fint
1626 1706 1878 1758 contenti.

195 1791 333 1845 Cum
379 1795 517 1845 enim
560 1792 845 1842 huiusmodi
891 1792 1090 1842 numeri
1132 1788 1258 1840 alios
1300 1789 1530 1839 diuisores
1582 1803 1684 1839 non
1750 1789 1880 1840 reci-

191 1877 335 1949 piant
361 1917 376 1944 ,
416 1873 499 1927 nisi
542 1873 627 1944 qui
666 1871 755 1942 ipsi
800 1873 888 1926 fint
931 1873 1145 1924 duorum
1192 1870 1544 1939 quadratorum
1591 1882 1880 1941 aggregata,

190 1973 338 2031 atque
376 1960 503 2012 adeo
548 1959 597 2010 in
640 1956 735 2010 hac
793 1957 953 2010 forma
1024 1963 1263 2021 4m÷1
1340 1955 1696 2007 contineantur
1727 1996 1742 2024 ‚
1812 1971 1876 2008 ex

188 2045 312 2098 serie
357 2057 686 2098 numerorum
731 2041 925 2094 formae
966 2050 1187 2099 aa÷1
1239 2041 1464 2109 quamuis
1514 2038 1662 2109 longe
1711 2039 1878 2092 conti-

189 2140 338 2182 nuata
371 2166 384 2185 ,
421 2143 547 2199 quae
592 2126 794 2196 quidem
842 2126 980 2179 series
1029 2140 1161 2177 mox
1201 2123 1263 2176 ad
1314 2125 1574 2176 maximos
1640 2138 1877 2178 numeros

186 2213 434 2268 excrescit
459 2254 474 2281 ,
511 2211 641 2265 facili
685 2212 894 2282 negotio
939 2210 1140 2263 numeri
1180 2209 1451 2278 compositi
1492 2221 1877 2278 expunguntur,

189 2297 262 2351 ita
305 2309 364 2350 vt
405 2297 468 2350 de
510 2296 694 2349 relictis
735 2296 859 2348 certi
904 2294 1084 2366 fimus,
1129 2307 1214 2346 eos
1258 2294 1356 2344 efle
1415 2294 1623 2363 primos·
1715 2292 1875 2346 Huius

187 2381 342 2449 igitur
384 2379 580 2434 artificii
625 2379 872 2432 beneficio
915 2380 1085 2432 labore
1130 2392 1231 2428 non
1258 2377 1408 2426 nimis
1450 2374 1664 2444 operoso
1690 2391 1876 2427 omnes

190 2479 424 2515 numeros
477 2463 672 2532 primos
721 2463 918 2514 formae
959 2469 1186 2519 aa÷1
1249 2456 1376 2510 vltra
1423 2458 1562 2511 binos
1619 2458 1874 2510 miiliones

189 2547 258 2600 est
297 2547 546 2617 adepttiS,
614 2561 736 2615 quos
777 2547 826 2597 in
871 2544 1034 2597 tabula
1093 2540 1330 2613 peculiari
1392 2541 1694 2613 complexus
1755 2541 1869 2612 est;

188 2631 322 2684 vnde
361 2631 466 2683 iam
510 2642 650 2683 certo
694 2628 884 2681 constat
912 2671 925 2697 ,
981 2627 1116 2680 hunc
1158 2641 1210 2679 v,
1256 2642 1329 2696 gr.
1386 2642 1653 2680 numerum
1721 2641 1872 2697 prae-

188 2715 429 2786 grandem
486 2730 596 2780 223
613 2728 762 2776 2037
810 2710 910 2765 effe
951 2713 1204 2781 primurn,
1244 2725 1373 2780 quae
1418 2712 1605 2763 veritas
1649 2709 1681 2763 fi
1723 2725 1871 2763 more

186 2803 430 2852 coniueto
469 2798 584 2851 effet
626 2799 928 2869 exploranda
956 2838 970 2863 ‚
1035 2793 1327 2848 diuifionem
1374 2811 1464 2867 per
1534 2809 1713 2847 omnes
1775 2810 1870 2846 nu-

185 2894 357 2938 meros
396 2885 591 2955 primos
633 2898 784 2953 vsque
830 2885 891 2935 ad
942 2896 1100 2949 1494
1139 2882 1322 2933 tentari
1370 2889 1652 2952 oporteret.
1747 2878 1870 2950 Quo

238 2970 241 2973 ’
274 2964 953 3040 Tom.1Xp.Nou.Comm.
1295 2979 1327 3018 c
1699 2974 1865 3016 autem
