2342 3554
471 295 585 359 388
784 277 1787 347 EXPERIMENTA

1245 474 1257 487 .
1338 438 1396 487 6.

671 530 920 637 1723737.
965 437 1276 606 Praecipitjti
1319 531 1463 586 rubri
1497 527 1565 603 (§·
1611 535 1690 601 5.)
1730 531 1832 586 nati
1873 528 2004 586 Vnc.
2055 524 2123 600 ijss

469 628 637 698 addito
680 663 834 717 pauco
880 646 1111 698 mercurii
1160 660 1292 721 511..
1336 644 1525 697 vicibus
1566 643 1818 711 destinati,
1862 657 1934 696 ex
1980 641 2125 695 char-

468 729 583 780 tulis
620 731 672 781 in
715 730 888 798 quibus
927 728 1265 782 exsiccabatur
1307 727 1506 781 collesti
1531 769 1544 795 ‚
1599 726 1836 780 destillaui
1876 743 1906 778 e
1946 738 2125 779 retorta

468 812 576 863 luto
637 812 849 865 obducit-a
878 851 896 879 ‚
966 811 1079 880 igne
1131 813 1336 867 summo
1362 852 1378 881 ‚
1445 823 1504 864 vt
1541 812 1769 865 canderet
1811 822 1998 865 retorta
2042 824 2130 881 per

468 892 665 947 horam.
1824 948 1869 984 χ

1202 981 1246 1044 ξ.
1331 990 1387 1042 7.

662 1060 804 1113 Exiit
876 1061 1142 1115 mercurius
1181 1061 1468 1116 reuificatus
1509 1062 1571 1116 ad
1613 1060 1740 1115 Vnc.
1785 1056 1835 1131 ij.
1880 1062 1932 1116 in
1977 1061 2130 1116 fundo

469 1157 592 1196 vero
631 1156 847 1198 retortae
890 1162 969 1213 gr.
1014 1160 1233 1204 xvnr.
1279 1147 1496 1216 pulueris
1537 1145 1671 1197 rubri
1714 1142 1827 1215 (d).

1984 1230 2134 1291 58.

1415 1386 1568 1400 -—
1601 1381 2136 1400 —ussffl

475 1384 964 1401 ————

605 1473 650 1539 3)
702 1472 819 1518 Idem
869 1477 1082 1518 mercurius
1125 1491 1234 1530 448.
1274 1472 1433 1518 vicibus
1467 1473 1597 1516 rursus
1630 1476 1843 1521 dastillatus
1876 1474 1927 1521 de
1957 1476 2139 1537 pondere

665 1541 797 1583 amisit
831 1536 942 1583 Vnc.
986 1554 1059 1583 1v.
1102 1539 1165 1585 dr.
1206 1542 1238 1597 ij
1277 1554 1339 1600 gr.
1376 1539 1570 1595 xxxviiij.
1608 1537 1723 1601 Ergo
1779 1548 1831 1597 4}
1886 1557 2007 1602 grana
2056 1546 2141 1589 fin·

664 1605 758 1666 gula
794 1606 832 1646 in
868 1602 1124 1649 destillatione
1156 1606 1399 1666 perierunt,
1453 1604 1554 1647 dum
1588 1608 1712 1649 toties
1769 1604 1996 1650 destillando
2046 1610 2140 1671 igne

664 1671 770 1715 astus
803 1683 878 1729 pro
911 1672 960 1727 ἐξ
994 1667 1053 1713 sui
1089 1670 1275 1731 ponderis
1309 1672 1348 1712 in
1383 1668 1590 1729 puluerem
1626 1669 1792 1716 rubrum
1827 1669 2076 1719 vertebatur.

519 1745 525 1750 ’
601 1751 660 1811 4)
710 1747 757 1793 In
815 1747 1047 1795 toto'vero
1079 1753 1293 1794 mercurius
1332 1763 1423 1805 500
1488 1749 1640 1795 vicibus
1695 1749 1935 1805 destillatus,
1989 1767 2064 1814 pro
2097 1758 2144 1810 ξς

666 1814 726 1857 sui
761 1813 982 1874 ponderis,
1020 1816 1089 1860 illo
1126 1818 1222 1876 igne
1255 1818 1292 1858 in
1313 1815 1520 1876 puluerem
1555 1817 1726 1861 rubrum
1762 1818 1895 1862 versus
1915 1819 1980 1863 est.
2020 1815 2148 1863 Mer-

668 1878 768 1922 curil
823 1894 921 1923 vero
974 1880 1084 1924 fluidi
1120 1880 1170 1924 ab
1206 1882 1443 1940 operatione
1475 1882 1702 1941 superfuere
1737 1878 1845 1926 Vnc.
1889 1898 1960 1927 ix.
1998 1883 2060 1929 dr.
2097 1899 2144 1932 v,

672 1958 774 2003 quae
807 1943 1016 1987 excedunt
1047 1960 1186 2004 parum
1221 1945 1432 1987 dimidiam
1470 1945 1643 1988 adhibiti
1693 1945 1942 2005 hydrargyri
1990 1950 2145 2007 quanti-

676 2020 811 2049 tatem.
887 2004 1099 2050 Perierunt
1136 2022 1235 2049 vero
1269 2003 1374 2049 Vnc.
1413 2022 1455 2049 V.
1490 2007 1553 2051 dr.
1585 2009 1614 2064 j.
1650 2023 1711 2070 gr.
1750 2009 1982 2065 xxxxviiij.
2019 2007 2147 2054 Ideo-

672 2085 755 2132 que
789 2084 906 2131 grana
944 2085 982 2116 v,
1019 2071 1167 2133 singula
1203 2072 1241 2113 in
1280 2068 1552 2116 destillatione-

609 2147 655 2214 5)
686 2147 947 2194 Conueniunt
982 2147 1156 2211 proinde
1191 2149 1461 2210 pulcherrime
1495 2150 1621 2199 duae,
1689 2150 1857 2194 diuersis
1899 2151 2148 2209 temporibus

673 2214 874 2276 peremne,
909 2217 1199 2276 operationes,
1230 2230 1286 2259 ex
1322 2214 1470 2277 quibus
1505 2214 1618 2275 plura
1650 2216 1906 2261 meditationi
1925 2231 2150 2278 opportuna

684 2277 732 2322 ab
770 2277 956 2337 idoneis,
994 2278 1166 2322 vlterius
1200 2281 1285 2323 erui
1319 2280 1492 2339 possunt.

481 2340 569 2406 (d)
604 2340 825 2387 Drachmae
863 2358 946 2387 tres
983 2359 1026 2387 ac
1063 2359 1185 2405 grana
1224 2345 1484 2406 quadraginta
1519 2344 1603 2389 duo
1646 2347 1860 2405 perierunt.
1945 2343 2149 2402 Quomo-

575 2404 671 2453 do?
703 2406 821 2452 Vide
858 2424 961 2471 quee
997 2409 1051 2453 de
1087 2411 1296 2468 insigniore
1328 2410 1567 2454 reuificandi
1600 2425 1653 2453 ex
1689 2413 1947 2473 praecipitato
1990 2427 2147 2456 mercu-

578 2474 623 2514 rii
661 2471 868 2532 dispendio
904 2488 1049 2518 monet
1082 2475 1261 2527 auetor,
1311 2477 1348 2519 in
1386 2477 1510 2536 prima
1547 2475 1600 2520 de
1635 2479 1832 2522 mercurio
1881 2477 2149 2531 dissertatione

578 2533 764 2594 §.VIII
808 2540 931 2585 corol.
981 2546 1024 2584 8.
1095 2542 1181 2583 Vix
1216 2541 1327 2583 enim
1366 2540 1464 2585 mihi
1505 2541 1736 2602 persuadere
1790 2542 1943 2603 possum
1971 2579 1984 2599 ,
2032 2558 2150 2588 erro-

582 2617 671 2644 rem
704 2604 941 2665 autographi
975 2605 1080 2651 esse:
1117 2607 1271 2666 primus
1305 2609 1410 2650 enirn
1448 2606 1573 2661 foret,
1609 2623 1731 2670 quem
1768 2609 1805 2650 in
1840 2608 1988 2669 scripti<
2035 2624 2150 2652 accu-

584 2668 762 2710 ratissimi
796 2670 911 2712 huius
945 2670 1019 2712 viri
1058 2669 1322 2731 reperiissem.
1385 2669 1654 2718 Crediderim
1676 2707 1686 2724 ,
1721 2672 1853 2716 multa
1884 2671 2149 2717 enucleandae

583 2731 676 2774 huic
729 2736 941 2793 quaestioni
976 2734 1186 2785 conferre,
1240 2740 1548 2795 experimenta,
1577 2753 1686 2798 quae
1724 2735 1868 2783 Celeb.
1905 2737 2148 2793 Hombergius

579 2811 670 2840 cum
721 2797 887 2842 metallis
938 2800 976 2840 in
1009 2800 1101 2843 foco
1137 2798 1470 2852 Tsch³riil⁷azclicztto
1505 2803 1601 2846 olim
1638 2804 1832 2859 instituit,
1889 2818 2073 2866 quaeque
2110 2804 2148 2846 in

583 2862 676 2906 afris
726 2863 891 2909 scientia
937 2876 981 2907 et
1033 2867 1283 2926 experientia
1324 2866 1520 2914 ditissimis
1574 2867 1794 2914 academiae
1831 2865 2026 2914 Parisinae
2065 2866 2150 2930 legi

584 2925 754 2987 possunt.
