2342 3554
285 577 401 624 Tab.
435 580 492 625 ΙΙ.

314 646 411 701 Fig.
440 659 485 702 4.

343 2662 434 2718 Fig-
470 2674 512 2719 5·

526 288 642 339 266
1079 287 1229 345 DE
1314 274 1674 350 MOTV

1088 428 1576 509 Problema.

726 573 756 622 3
773 572 820 609 1.
865 557 924 612 Si
966 560 1066 611 iam
1109 556 1226 611 talis
1266 553 1417 607 corda
1443 596 1457 620 ‚
1500 548 1684 623 qualem
1723 551 1914 604 ratione
1944 545 2178 614 craffitiei

527 633 852 710 descripfimus
876 683 889 707 ‚
925 652 1137 712 primum
1176 641 1224 693 in
1262 639 1462 691 termino
1506 637 1583 699 A,
1626 632 1796 686 deinde
1838 633 1889 685 in
1929 629 2026 684 alio
2063 647 2181 702 quo·

529 738 712 790 cunque
751 722 847 776 loco
890 722 935 775 Β
963 724 1158 792 figatur
1183 763 1197 786 ,
1239 731 1288 774 et
1330 734 1363 772 a
1407 721 1461 772 vi
1501 730 1796 790 quacunque,
1837 728 1962 784 quae
1979 715 2182 784 ponderi

528 805 568 858 F
613 804 929 875 aequipolleat
968 849 981 873 ,
1019 805 1246 858 tendatur
1274 821 1285 853 z
1326 809 1426 854 tum
1470 816 1588 863 vero
1624 800 1686 852 de
1711 801 1803 865 Juo
1827 796 1934 867 sttu
1967 795 2186 850 naturali

527 887 656 940 reCZo
701 885 807 938 AB
852 889 924 941 ad
950 891 1163 958 figuram
1215 899 1537 955 quameunque
1579 879 1745 936 ALB
1798 893 1944 950 quam
1997 879 2186 932 minime

530 985 566 1021 a
605 967 742 1022 reeta
787 971 834 1021 A
852 969 897 1022 Β
938 973 1229 1025 recedentem
1268 968 1612 1038 detorqueatur
1636 1007 1650 1031 ,
1676 960 1926 1036 subitoque
1965 963 2013 1014 in
2036 961 2192 1015 omni·

528 1051 615 1106 bus
652 1051 837 1121 punctis
879 1057 1157 1108 remittatur
1185 1070 1201 1124 3
1240 1053 1494 1123 quaeritur
1537 1057 1688 1102 motus
1712 1085 1728 1113 ,
1792 1060 1880 1114 quo
1919 1043 2044 1097 haec
2083 1056 2186 1097 cor-

531 1133 598 1186 da
642 1134 863 1207 deinceps
906 1139 1191 1206 agitabitur.

687 1242 852 1295 Datur
896 1259 1018 1313 ergo
1060 1245 1228 1316 primo
1266 1240 1527 1312 longitudo
1571 1240 1749 1294 cordae
1791 1234 2056 1302 Assza,
2101 1237 2192 1290 de-

535 1326 647 1381 iude
671 1332 775 1377 eius
815 1327 1040 1380 craffities
1081 1330 1133 1380 in
1180 1328 1250 1382 Α,
1290 1330 1426 1377 cuius
1463 1325 1710 1375 diameter
1754 1320 1810 1371 fit
1858 1318 1999 1385 Σὺ,
2040 1319 2191 1371 tertio

537 1425 635 1480 pro
672 1410 841 1477 quouis
881 1409 996 1461 loeo
1038 1406 1342 1461 intermedio
1387 1406 1449 1468 P,
1486 1404 1732 1455 existente
1779 1401 2028 1470 Asz,
2067 1416 2190 1454 cras-

536 1501 661 1556 fitiei
704 1502 948 1553 diameter
985 1479 1334 1575 z:(cf'4,x‚2‚
1374 1497 1451 1550 seu
1495 1497 1634 1550 datur
1656 1497 1914 1566 longitudo
1940 1515 1983 1550 c.
2029 1500 2198 1571 Quat*

540 1596 594 1637 to
631 1582 858 1643 constat,
901 1583 936 1634 s1
979 1585 1130 1634 corda
1176 1584 1437 1633 biberetur
1482 1597 1564 1632 vu
1557 1579 1799 1632 formiter
1842 1579 1992 1631 craffa
2033 1580 2197 1648 longi·

537 1664 714 1718 tudinis
755 1660 878 1716 :h
903 1703 919 1730 ,
962 1667 1095 1716 cuius
1137 1663 1380 1722 diameter
1417 1662 1642 1715 craffitiei
1690 1661 1871 1726 vbique
1908 1661 2023 1716 esset
2066 1661 2200 1730 εὖ,

537 1748 640 1802 eius
683 1747 877 1813 pondus
922 1745 1032 1798 fore
1079 1745 1252 1799 zm.
1383 1747 1584 1821 Quinto
1632 1744 1845 1815 denique
1888 1745 2027 1798 datur
2069 1744 2202 1797 linea

542 1825 712 1883 ΑΕΒ
742 1864 757 1884 .
809 1828 1015 1896 ideoque
1065 1845 1156 1897 pro
1201 1828 1367 1897 quauis
1407 1827 1598 1881 absciffi
1645 1829 1692 1880 A
1719 1827 1893 1881 P:x
1953 1827 2200 1898 applicata

543 1909 846 1979 respondens
917 1909 1052 1962 PL:
1116 1925 1275 1977 neque
1322 1925 1448 1960 vero
1498 1925 1627 1977 opus
1668 1909 1767 1974 est,
1809 1921 1864 1960 vt
1908 1908 2029 1961 haec
2071 1909 2201 1961 linea

547 1987 715 2044 ΑΕΒ
763 2005 850 2057 per
891 1991 1238 2057 aequationem
1284 1991 1424 2041 detur
1455 2030 1469 2055 ,
1516 1989 1593 2040 sed
1633 1989 1805 2042 sufficit
1830 2030 1845 2054 ,
1916 2002 1974 2041 vt
2014 1989 2069 2042 fit
2110 1987 2199 2040 de-

549 2074 718 2145 scripta
746 2112 761 2139 ,
824 2087 1111 2143 quocunque
1153 2078 1361 2126 demum
1409 2072 1569 2125 modo
1611 2071 1709 2126 hoc
1777 2071 1926 2124 fuerit
1989 2070 2200 2125 fassum.

1178 2216 1568 2292 Soluti0‚

734 2359 828 2408 32.
875 2343 981 2401 Iam
1026 2361 1138 2401 ante
1178 2352 1353 2404 omnia
1397 2368 1463 2404 ex
1507 2352 1620 2404 data
1665 2352 1844 2406 cordae
1898 2351 2054 2424 figura
2109 2354 2203 2408 ini-

556 2430 655 2483 tia'li
697 2428 859 2482 ALB
901 2431 1109 2483 construi
1148 2433 1295 2486 debet
1337 2434 1461 2487 linea
1501 2450 1645 2487 curua
1690 2435 2061 2490 determinutrix
2086 2454 2207 2491 mo-

559 2525 630 2565 tus
677 2514 969 2579 muratorii,
1013 2515 1147 2567 cuius
1191 2516 1506 2584 construam,
1530 2533 1623 2587 per
1646 2533 1907 2591 praecepta
1931 2520 2066 2591 supra
2084 2516 2205 2592 (26)

558 2607 780 2667 tradita
764 2609 915 2709 cita
982 2606 1048 2659 est
1091 2608 1412 2665 instituenda:
1499 2610 1582 2664 Ob
1625 2604 1779 2679 φιτ-Ξ
1824 2653 1840 2681 ,
1905 2615 2043 2684 super
2106 2628 2207 2667 axe

780 2687 801 2709 ss

380 2736 426 2769 et
456 2741 500 2783 4
559 2700 715 2752 ab:
738 2720 876 2771 52:0-
904 2735 924 2767 ‚
992 2715 1088 2767 pro
1153 2701 1349 2758 abscissa
1394 2705 1443 2759 A
1468 2705 1506 2759 Ρ
1532 2721 1665 2760 :x
1692 2746 1709 2775 ,
1748 2709 1972 2777 capiatur
2014 2704 2210 2762 abscissa

562 2800 720 2864 ap:
751 2783 903 2861 css‘f
936 2825 954 2858 2
993 2806 1046 2844 et
1087 2793 1137 2846 in
1171 2804 1211 2865 p
1252 2801 1460 2869 erigatur
1502 2801 1749 2871 applicata
1781 2787 2070 2877 plzss-sffic
2096 2801 2210 2870 3seu

2035 2884 2212 2938 adiun-
