2383 3663
715 297 870 368 mese
911 302 928 371 i
973 311 1012 352 0
1055 294 1074 374 (
1117 297 1273 367 aem
1801 317 1838 373 7

154 448 354 505 numeri
395 445 571 516 integri
615 446 966 520 desiderentur,
991 449 1075 519 qui
1117 447 1210 503 hac
1237 448 1542 522 proprietate
1574 452 1837 522 gaudeant,

157 536 330 588 solutio
377 533 539 585 modo
581 534 692 586 data
739 532 866 587 nibil
908 533 1134 588 Vtilitatis
1174 534 1346 602 affert,
1374 552 1490 589 cum
1534 552 1631 606 pro
1666 547 1836 610 petq

157 617 403 672 eiusmodi
450 618 641 670 numeri
684 613 863 671 assumi
903 618 1165 687 deberent,
1190 630 1249 672 vt
1299 630 1416 693 2pq
1456 619 1700 675 diuifibile
1745 622 1836 675 fie-

156 714 233 756 ret
275 718 364 774 per
401 711 677 777 pp-aqq,
722 703 859 774 quod
918 719 1022 756 non
1068 704 1235 758 minus
1280 704 1349 758 est
1393 703 1597 759 difficile
1624 748 1637 773 ‚
1681 722 1835 777 quam

156 786 319 858 ipsum
365 786 632 859 problema
660 832 675 858 ‚
718 787 780 841 de
822 803 924 859 quo
982 789 1165 860 agitur.
1254 785 1461 842 Interim
1504 802 1675 842 tamen
1742 790 1839 846 hac

156 872 446 924 conditione
492 871 687 925 adiecta
727 872 991 942 problema
1032 874 1312 928 etiamnum
1371 873 1550 945 recipit
1601 875 1838 929 innume·

155 970 229 1006 ras
271 954 543 1005 solutiones
572 989 589 1019 ,
650 968 701 1007 et
739 958 937 1010 numeri
980 974 1080 1029 pro
1123 974 1163 1012 x
1225 959 1502 1013 assumendi
1567 956 1662 1012 hac
1725 960 1838 1032 lege

153 1036 456 1108 procedunt:
488 1052 548 1105 0,
582 1052 613 1087 2
639 1074 655 1095 ‚
689 1052 790 1103 12,
817 1052 926 1104 70,
957 1050 1099 1105 408,
1128 1052 1281 1103 2:378
1303 1082 1318 1108 ,
1347 1048 1581 1109 13860,
1608 1051 1704 1094 etse.
1753 1046 1844 1101 vbi-

153 1121 397 1175 continuo
443 1120 644 1193 sequens
685 1133 918 1193 aequatur
959 1123 1193 1195 sextuplo
1236 1123 1410 1178 vltimi
1448 1125 1629 1179 demto
1653 1126 1838 1197 penul-

153 1205 325 1275 tim0‚
370 1205 653 1259 cuiusmodi
692 1206 836 1259 stries
879 1209 1053 1261 vocari
1094 1208 1255 1262 iolent
1307 1221 1612 1263 recurrentes
1638 1249 1654 1278 ‚
1695 1211 1833 1265 vnde

151 1290 353 1344 euidens
395 1290 464 1345 est
496 1330 511 1359 ‚
555 1291 733 1346 harum
778 1290 1083 1346 solutionum
1132 1293 1508 1349 multitudinem
1556 1293 1657 1347 effe
1711 1294 1835 1350 infi-

147 1376 309 1429 nitam
334 1417 349 1442 ,
390 1375 585 1430 etiamsi
628 1375 868 1429 continuo
910 1376 1063 1429 rarius
1105 1393 1386 1433 occurrant.
1484 1378 1707 1449 Ideoque
1763 1382 1833 1435 fix·

147 1459 244 1514 cile
288 1457 580 1528 intelligitur
605 1498 621 1527 ,
673 1471 853 1512 earum
909 1458 1259 1513 inuentionem
1302 1459 1468 1516 multo
1534 1461 1695 1535 magis
1736 1461 1840 1519 effe

147 1543 377 1599 arduam.

343 1625 454 1684 Cel.
495 1632 690 1688 Aridior
734 1631 879 1688 huius
923 1624 1273 1688 dissertationis
1324 1630 1624 1691 methodum
1677 1639 1836 1707 pecua¹

147 1712 320 1768 liarem
367 1717 583 1783 exponit
628 1716 919 1767 huiusmodi
960 1717 1281 1783 problemata
1326 1717 1468 1768 facile
1511 1718 1790 1771 resoluendi
1814 1760 1830 1785 ,

145 1796 316 1866 quibus
354 1794 406 1846 in
445 1809 629 1863 genere
670 1796 847 1847 omnis
891 1797 1087 1848 numeri
1130 1796 1314 1865 integri
1360 1811 1455 1866 pro
1487 1810 1525 1850 x
1557 1797 1833 1858 assumendi

144 1889 453 1950 quaeruntur,
485 1890 542 1931 vt
566 1876 693 1931 haec
720 1875 936 1932 formula
961 1878 1402 1954 axx-4—f3x-‘y
1441 1882 1618 1936 euadat
1645 1900 1830 1939 nume<-

142 1978 223 2016 rus
263 1964 560 2035 quadrum,
599 1962 721 2016 dum
777 1982 855 2035 α,
905 1963 942 2035 β
967 2002 980 2029 ,
1008 1982 1061 2037 ’γ
1118 1964 1362 2018 denotant
1405 1981 1642 2022 numeros
1680 1963 1829 2041 'quos‘

139 2062 332 2118 cunque
371 2047 530 2101 datos·
619 2046 721 2099 Vbi
763 2049 933 2119 primo
974 2048 1183 2119 quidem
1239 2049 1494 2119 obstruat,
1518 2053 1828 2109 solutionem

140 2146 244 2185 non
285 2129 554 2195 succedere,
579 2129 671 2187 nisi
717 2149 752 2184 α
799 2123 871 2187 sit⁴
902 2148 1137 2187 numerus
1178 2133 1419 2205 positiuus*
1457 2151 1564 2190 non
1615 2140 1829 2211 quadra-

139 2225 254 2281 ωε,
294 2227 407 2269 tum
451 2230 582 2269 vero
621 2216 810 2274 neceffe
854 2217 948 2271 effe
973 2259 989 2287 ‚
1032 2231 1090 2271 vt
1131 2234 1230 2272 vna
1272 2217 1442 2274 saltem
1488 2218 1662 2278 solutio
1718 2224 1825 2279 iam

138 2298 331 2354 aliunde
375 2299 434 2354 fit
478 2301 680 2372 cognita
704 2344 720 2374 ,
789 2301 1070 2356 cuiusmodi
1124 2303 1309 2359 solutio
1359 2304 1511 2360 vnica
1556 2307 1719 2365 statim
1765 2322 1825 2362 ac

137 2382 177 2436 fi
218 2383 408 2455 praesto
451 2384 600 2439 fuerit
624 2427 640 2454 ,
683 2387 1122 2457 quemadmodum
1170 2389 1287 2440 inde
1356 2404 1536 2443 omnes
1599 2392 1824 2462 reliquae

138 2466 188 2519 in
244 2465 502 2521 infinitum
559 2468 772 2522 inueniri
837 2482 1018 2541 queant
1056 2509 1072 2538 ,
1126 2469 1385 2542 perspicue
1419 2471 1603 2539 docet.
1686 2472 1825 2530 Cum

136 2559 306 2604 autem
351 2549 452 2605 hoc
495 2551 757 2622 problema
800 2552 903 2608 iarn
948 2553 1066 2607 alibi
1110 2553 1167 2608 sit
1193 2554 1570 2628 pertradtatum‚
1595 2558 1680 2614 etsi
1715 2576 1825 2614 me-

138 2633 303 2689 thodo
347 2636 513 2688 minus
556 2635 833 2690 commoda
862 2679 878 2709 ‚
927 2637 1125 2692 Auctor
1165 2639 1249 2693 hic
1304 2641 1540 2710 inprimis
1590 2656 1822 2700 naturam

137 2716 435 2772 huiusmodi
478 2719 852 2790 problema-tum
901 2723 1178 2791 accuratius*
1211 2724 1538 2795 perscrutatur
1569 2770 1586 2801 ,
1626 2741 1679 2783 et
1721 2730 1823 2784 cri-

138 2802 261 2857 teria
309 2802 443 2856 elicit
470 2845 485 2874 ,
531 2804 709 2874 quibus
750 2800 1071 2875 problemata
1117 2806 1263 2865 huius
1304 2813 1821 2884 generisimpoffibi·

137 2886 205 2941 lia
245 2903 275 2942 a
317 2885 625 2961 poffibilibus-
663 2889 896 2961 distingui
934 2890 1160 2967 potsunt,
1245 2891 1541 2956 Deuotante
1579 2896 1761 2952 stilicet
1784 2918 1821 2953 a

1644 2994 1823 3037 nume*
