2342 3554
468 278 1504 344 METEOROLOGIC‘AE.
1703 305 1826 358 ...ις

123 485 128 490 .
362 431 483 488 Sine
524 445 682 489 vento
722 431 826 488 dies
867 437 922 485 6.
968 430 1144 507 fliete,
1193 434 1435 492 nimirum
1487 442 1538 490 8.
1590 453 1685 494 21.
1731 454 1828 505 23.

165 529 263 584 25.
315 531 409 584 27.
462 536 555 585 3⁷1.

360 602 484 656 Dies
528 601 676 655 sereni
732 617 818 656 12.
865 599 1043 655 seilicet
1091 617 1144 668 5.
1191 606 1248 655 6.
1299 620 1392 657 10.
1446 621 1540 658 11.
1594 622 1687 674 13.
1745 612 1840 662 16.

166 699 260 750 17.
310 705 400 755 19.
452 704 547 740 20.
596 702 688 738 21.
731 695 826 742 28.
861 704 954 752 29.
986 687 1163 757 reliqui
1189 689 1369 756 nubili,
1397 688 1556 757 pluuii
1581 705 1634 743 et
1662 691 1838 746 niuosi.

161 769 330 827 Pluula
371 774 422 826 d.
472 790 527 839 3.
583 780 630 827 8.
670 787 762 823 22.
797 784 870 837 27
920 785 1092 838 30.et
1122 786 1217 835 31.
1244 777 1467 845 adeoque
1491 792 1579 847 pet
1604 774 1689 833 sex
1714 776 1836 831 dies.

344 857 504 913 Niues
539 858 619 910 die
665 874 721 922 9.
773 872 864 911 12.
918 872 1010 924 14.
1058 866 1152 911 16.

342 940 557 998 Grando
596 942 648 995 d.
696 956 751 1005 3.
790 956 840 995 et
883 960 942 1008 4.

348 1026 590 1082 Nebulae
633 1028 714 1081 die
761 1045 853 1094 24.
906 1038 1002 1091 27.
1054 1043 1148 1094 31.

707 1115 1252 1193 Nouembei·

340 1223 458 1279 Hoc
502 1227 669 1280 mense
711 1230 814 1281 duo
855 1235 991 1282 venti
1039 1233 1448 1286 vehementiores
1489 1234 1590 1288 sunt
1658 1249 1841 1287 nume⁶

161 1311 286 1370 rati,
327 1311 571 1364 nimirum
616 1313 698 1365 die
746 1316 838 1362 26.
889 1324 942 1364 et
997 1319 1087 1365 28.
1139 1311 1219 1362 W
1274 1326 1330 1374 3.
1402 1327 1600 1368 tantum
1669 1317 1843 1370 nocte.

158 1396 363 1462 Reliqui
405 1411 586 1450 omnes
626 1398 904 1451 admodum
947 1395 1132 1448 debiles
1174 1396 1310 1449 fuere
1378 1411 1429 1450 et
1481 1400 1690 1469 quidem
1761 1398 1842 1455 W

161 1493 210 1534 et
252 1478 401 1535 NW
443 1500 498 1544 4.
544 1479 726 1534 scilicet
767 1482 850 1533 die
895 1484 951 1530 6.
1006 1483 1100 1530 26.
1150 1493 1242 1550 27.
1284 1497 1376 1546 29.
1408 1480 1609 1535 OetS.
1638 1483 1693 1537 O
1746 1501 1843 1537 10.

157 1563 251 1618 scil.
304 1578 361 1629 7.
409 1581 465 1636 9.
516 1581 605 1617 12.
660 1581 752 1631 13.
810 1577 900 1629 17.
953 1568 1044 1618 18.
1097 1579 1191 1617 21.
1239 1582 1335 1630 24.
1381 1580 1468 1629 25,
1503 1580 1602 1630 30.
1639 1567 1767 1621 Nd·
1802 1584 1838 1635 3

162 1659 212 1701 et
257 1662 313 1713 5.
361 1646 396 1701 S
441 1648 491 1701 d.
539 1667 594 1714 4.
641 1661 693 1701 et
739 1664 831 1702 22.

357 1730 478 1786 Sine
525 1746 682 1786 vento
719 1733 826 1787 dies
867 1750 924 1800 4.
979 1747 1070 1785 10.
1113 1748 1208 1786 11.
1242 1737 1459 1797 15.16.
1494 1750 1584 1801 19.
1618 1751 1712 1789 20.
1747 1751 1842 1802 29.

158 1813 388 1887 adeoque
433 1817 575 1872 osto,

357 1899 492 1955 Dies
531 1901 681 1956 sereni
731 1916 785 1966 ς.
831 1900 1074 1956 nimirum
1118 1918 1174 1968 4.
1227 1915 1281 1967 ς.
1334 1918 1421 1968 19.
1470 1921 1558 1956 21.
1610 1922 1708 1971 29.

358 1985 525 2038 Pluuia
569 2002 689 2038 cum
738 1987 848 2037 niue
892 1987 942 2036 d.
996 2003 1048 2036 1.
1134 1987 1292 2038 Niues
1318 1990 1364 2038 d.
1433 2006 1463 2052 3
1537 1994 1594 2040 6.
1644 2001 1701 2064 7.
1753 2001 1850 2042 ιο.

159 2065 328 2121 Pluuia
353 2069 404 2121 d.
438 2084 525 2121 ιι.
593 2068 780 2124 Nixd.
815 2084 909 2119 12.
960 2085 1053 2137 ¹3·
1107 2083 1200 2120 22.
1247 2068 1414 2123 Pluuia
1457 2071 1507 2124 d.
1562 2086 1656 2137 25.
1727 2074 1848 2129 Nix

158 2151 210 2205 d.
252 2160 348 2207 28.
396 2164 448 2203 et
493 2166 592 2213 30.

358 2234 557 2289 Nebula
599 2233 797 2288 craffior
836 2235 918 2286 die
969 2251 1063 2285 20.
1108 2251 1133 2287 a
1201 2253 1277 2289 m.

360 2313 557 2371 Glacies
602 2319 650 2370 in
695 2318 902 2371 flumine
948 2318 1091 2373 Neua
1133 2320 1373 2390 adparere
1427 2321 1598 2394 coepit
1653 2324 1737 2377 die
1790 2339 1844 2378 2.

162 2404 337 2470 noste,
386 2402 762 2457 thermometro
815 2406 938 2455 166.
982 2403 1197 2472 sequenti
1240 2405 1322 2457 die
1371 2423 1422 2470 3.
1474 2406 1525 2458 h.
1566 2422 1653 2459 10.
1680 2426 1733 2478 p.
1772 2426 1852 2462 m.

163 2490 340 2559 glacies
385 2487 484 2539 iam
528 2488 673 2552 stetit,
714 2488 1089 2542 thermometro
1140 2491 1269 2554 164.
1336 2487 1561 2559 Saepius.
1586 2493 1706 2561 quin
1736 2510 1845 2564 per·

164 2587 348 2644 petum
388 2571 755 2626 obseruauimus
797 2573 949 2642 gradu
992 2571 1187 2640 frigoris
1228 2572 1291 2626 ad
1339 2564 1476 2627 166.
1523 2579 1855 2647 peruenicnte

165 2670 218 2709 et
257 2657 446 2728 aliquot
489 2657 590 2711 dies
630 2659 834 2711 durante
861 2697 874 2715 ‚
911 2657 1123 2727 glaciem
1171 2659 1221 2711 in
1267 2657 1415 2712 Neua
1462 2663 1699 2730 adparere
1723 2663 1847 2714 inci-

167 2757 306 2812 pere,
356 2754 406 2794 et
451 2757 578 2794 mox
625 2741 761 2805 stare,
807 2741 896 2795 nisi
939 2741 1101 2794 lubito
1148 2744 1412 2813 tempestas
1438 2744 1613 2797 mitior
1638 2747 1844 2798 incidat.

168 2823 376 2881 Constat
397 2827 500 2880 iam
527 2842 594 2884 ex
619 2825 1022 2883 antecedentibus
1042 2839 1095 2881 et
1115 2826 1311 2883 aliunde
1358 2829 1630 2885 terminum
1679 2828 1843 2881 maxi·

1657 2927 1803 2968 mum
1826 2949 1849 2980 4,
