2342 3554
465 304 590 357 414
771 279 1895 348 OBSERVATIONES

465 451 726 493 mometro
777 453 882 504 115
916 483 931 508 ,
976 441 1268 493 barometro
1316 449 1410 499 27.
1454 454 1549 504 92.
1639 436 1832 492 Ventus
1861 437 1943 492 W
1990 438 2135 513 paul·

463 521 517 576 lo
563 522 843 577 vehemens
883 525 1092 578 durante
1135 522 1429 594 tempestate
1456 565 1471 592 ‚
1519 534 1570 575 vt
1609 520 1729 578 solet
1756 563 1771 590 ‚
1826 522 1933 576 fuit.

666 607 866 662 Nebula
910 608 1175 678 conspecta
1219 608 1297 660 die
1345 620 1442 669 30.
1510 618 1670 660 vento
1732 607 1786 660 Ο
1837 622 1863 657 1
1892 643 1909 665 ‚
1978 625 2130 680 quam

462 691 615 745 noete
659 692 824 762 pluuia
868 691 1055 761 sequuta
1097 692 1183 745 est.

659 773 783 828 Dies
827 777 977 828 sereni
1023 775 1155 827 fuere
1205 786 1270 839 15
1307 817 1320 844 ‚
1363 774 1556 844 reliqui·
1598 773 1754 828 nubili
1821 784 1872 831 et
1936 775 2136 849 pluuii,

461 858 618 928 pluuii
674 858 854 913 scilicet
906 864 962 910 6.
1010 861 1112 915 dies
1156 864 1204 911 8.
1245 873 1335 924 17.
1375 869 1466 917 18.
1498 875 1711 928 21.23.
1744 876 1836 928 30.
1921 860 2133 936 Quanti-

461 953 536 994 tas
579 942 773 1014 pluuiae
821 949 896 1010 εξ.
942 944 1031 998 lin.

1015 1025 1586 1132 September.

654 1138 812 1193 Venti
857 1139 1260 1197 vehementiores
1319 1143 1423 1195 hoc
1465 1145 1636 1195 mense
1679 1143 1860 1192 flauere
1902 1151 2023 1206 τῖες,
2048 1141 2130 1195 die

465 1220 664 1274 22.W
696 1242 749 1288 3.
778 1237 829 1274 et
853 1248 908 1289 4.
935 1225 985 1274 d.
1019 1241 1113 1288 25.
1144 1224 1200 1280 S.
1241 1241 1297 1287 3.
1342 1238 1391 1276 et
1437 1242 1492 1290 4.
1532 1226 1582 1276 d.
1628 1216 1722 1286 27'.
1768 1222 1849 1275 W
1893 1238 1948 1286 3.
1993 1241 2042 1277 et
2069 1242 2130 1290 4.

457 1301 760 1360 Barometro
802 1304 1038 1360 flantibus
1080 1306 1159 1360 his
1196 1309 1362 1362 ventis
1402 1309 1657 1376 inliguiter
1697 1306 2041 1361 descendente.

655 1387 925 1442 Caeterum
973 1392 1115 1441 venti
1160 1392 1423 1443 debiliores
1465 1406 1533 1443 ex
1576 1390 1836 1442 occidente
1890 1390 2132 1462 spirarunt

453 1471 535 1526 die
583 1490 633 1529 2.
690 1489 746 1524 11
825 1475 895 1524 16
966 1488 1059 1524 22.
1110 1482 1203 1528 28.
1256 1489 1354 1540 30.
1412 1473 1640 1543 adeoque
1708 1492 1797 1546 per
1865 1474 1950 1528 sex
2008 1475 2130 1528 dieS.

453 1555 541 1613 Ex
586 1558 785 1608 oriente
828 1556 993 1608 diebus
1043 1574 1093 1608 1.
1143 1575 1199 1623 3.
1255 1563 1306 1608 8.
1364 1573 1455 1612 10.
1520 1573 1610 1609 12.
1673 1571 1762 1620 13.
1813 1572 1906 1622 29.
1973 1561 2131 1612 adeo·

454 1656 548 1711 que
595 1640 802 1711 septem.
891 1640 980 1692 Ex
1020 1642 1227 1694 meridie
1264 1641 1418 1696 semel
1462 1642 1547 1696 die
1594 1655 1691 1707 25.
1799 1641 1888 1695 Ex
1931 1641 2129 1715 septen-

454 1724 612 1776 trione
656 1728 706 1777 d.
756 1737 809 1788 5.
860 1739 953 1776 20.
998 1724 1175 1797 reliqui
1220 1742 1291 1780 ex
1359 1727 1520 1799 plagis
1587 1726 1919 1781 intermedii&
2006 1727 2130 1784 Sine

452 1820 610 1862 vento
652 1809 784 1862 fuere
829 1810 932 1862 dies
976 1827 1033 1874 9.
1082 1828 1174 1877 14.
1225 1824 1318 1875 15.
1380 1817 1469 1864 16.
1524 1828 1617 1867 21.
1649 1814 1868 1884 adeoque
1895 1813 2129 1884 quinque.

654 1891 784 1946 Dies
824 1894 980 1946 sereni
1024 1898 1079 1945 6.
1122 1895 1307 1950 scilicet
1356 1912 1407 1947 2.
1461 1902 1513 1948 8.
1566 1913 1665 1950 10.
1711 1914 1804 1948 21.
1866 1913 1961 1964 23.
2030 1906 2126 1952 28.

453 1972 636 2044 reliqui
702 1976 856 2027 nubili
911 1990 962 2026 et
1013 1978 1184 2044 pluuii.
1300 1977 1470 2030 Pluuia
1519 1979 1696 2029 cecidit
1739 1980 1820 2029 die
1870 1995 1921 2028 1.
1968 1997 2026 2042 4.
2068 1994 2126 2041 7.

457 2061 554 2111 18.
606 2072 700 2113 22.
746 2062 838 2109 26.
883 2070 975 2120 27.
1026 2074 1118 2123 29.
1206 2059 1468 2133 Quantitas
1512 2060 1705 2131 pluuiae
1747 2072 1825 2124 3}-
1867 2059 1993 2131 poll.

650 2137 860 2194 Grando
903 2141 1081 2194 cecidit
1119 2142 1193 2193 bis
1235 2145 1315 2194 die
1362 2159 1459 2193 22.
2047 2160 2051 2161 ⁷

650 2224 882 2280 Nebulae
928 2225 1058 2276 fuere
1101 2225 1152 2276 d.
1209 2241 1300 2276 11.
1352 2242 1443 2278 20.

656 2309 834 2362 Pruina
877 2309 956 2363 die
1006 2324 1098 2361 11.
1149 2320 1205 2363 et
1257 2310 1536 2382 congelatio
1572 2312 1742 2385 prima
1809 2312 2122 2371 thermome-

456 2404 537 2449 tro
586 2408 716 2461 150.

1073 2473 1500 2553 Oetober.

651 2589 806 2642 Venti
862 2590 1268 2645 vehementiores
1335 2593 1433 2646 hoc
1503 2591 1667 2649 mense
1733 2595 1867 2648 fuere
1935 2593 1985 2650 d.
2035 2612 2060 2646 1
2109 2640 2125 2666 ,

454 2672 538 2726 W
585 2689 641 2739 3.
687 2673 737 2725 d.
798 2691 852 2737 9.
901 2675 1051 2727 noete
1096 2675 1146 2730 N
1200 2690 1230 2737 3
1302 2689 1350 2728 et
1393 2696 1447 2744 4.
1493 2680 1543 2732 d.
1595 2694 1688 2730 12.
1738 2677 1820 2732 W
1866 2697 1920 2746 3.
1967 2692 2020 2733 et
2063 2698 2122 2747 4.

456 2757 655 2827 Reliqui
701 2760 840 2812 venti
885 2762 1135 2813 maiorem
1186 2773 1384 2832 partem
1441 2763 1579 2818 fuere
1645 2761 1727 2817 W
1789 2764 1968 2819 scilicet
2031 2780 2126 2835 per

454 2841 556 2898 dies
602 2857 698 2896 22.

2006 2927 2123 2990 Sine
