2342 3554
396 280 817 346 OBSERVAT.
871 277 1263 343 Remmia-os
1305 277 1668 344 LVNARIS.
1753 301 1870 356 497

200 422 574 499 1⁶.19‘.11''.
619 436 814 492 Vmbra
861 439 923 491 ad
969 449 1106 490 mare
1162 433 1461 490 humorum.

199 534 250 573 1.
296 534 389 572 22.
433 535 527 586 37.
616 522 680 575 ad
728 535 961 575 montem
1008 519 1243 573 Helicon.

197 619 249 659 1.
296 619 390 670 24.
430 621 527 672 47.
617 622 752 660 mare
796 605 1073 658 humorum
1122 616 1266 655 extra
1314 602 1569 658 vmbram.

193 703 243 739 1.
295 702 389 751 27.
432 703 530 754 55.
616 687 930 761 Copernicus
975 701 1106 742 totus
1147 702 1291 740 extra
1337 690 1590 745 vmbram.

189 787 241 824 1.
286 789 386 839 43.
472 789 530 841 7.
616 774 874 829 Manilius.

191 873 239 909 1.
276 861 358 922 46
425 873 518 921 13.
611 859 887 914 Menelaus,

184 957 239 992 1.
276 959 354 1007 49
420 949 516 1004 38.
607 944 926 998 Poffidonius.

184 1041 239 1080 1.
280 1042 375 1091 59.
423 1046 523 1081 22.
614 1030 806 1084 Vmbra
881 1028 1048 1083 tranfit
1115 1041 1205 1099 per
1306 1025 1505 1097 apicem
1592 1027 1860 1084 Promont.

746 1127 892 1168 acuti.

321 1208 374 1246 ι.
419 1206 515 1259 59.
605 1210 744 1247 mare
805 1197 1043 1249 Nestiris
1084 1196 1358 1250 detcd’cum.

229 1308 244 1327 .-
321 1292 375 1340 3.
418 1295 515 1342 25.
606 1278 831 1332 Vmbrae
878 1295 1055 1347 margo
1100 1282 1162 1328 ad
1210 1296 1350 1330 mare
1395 1278 1634 1333 Crifium.

326 1372 376 1418 8.
419 1379 512 1417 20.
603 1381 740 1416 mare
784 1360 998 1415 Crifium
1061 1374 1225 1413 totum
1269 1375 1410 1416 extra
1451 1364 1703 1419 Vmbram.

220 1486 233 1500 .
279 1464 371 1501 11.
412 1466 516 1517 42.
608 1448 742 1502 Finis
782 1446 1055 1517 Eclipseos.

175 1209 239 1499 Μξθῦὲθ

368 1573 564 1634 ,νηὼτα
627 1572 809 1627 telluris
877 1572 1154 1627 admodum
1222 1572 1366 1627 densa
1430 1585 1576 1630 erat,
1644 1575 1710 1629 ira
1756 1589 1855 1648 vt,

173 1660 436 1732 postquam
505 1657 679 1712 Lunae
745 1656 929 1712 discum
1004 1659 1267 1711 intrauerat
1306 1694 1321 1725 ,
1406 1658 1469 1711 ab
1533 1674 1592 1711 ea
1665 1662 1853 1718 testum

149 1745 485 1814 'segmentum
536 1749 731 1815 penitus
774 1741 1103 1797 euanesceret.
1215 1740 1350 1796 Cum
1417 1758 1548 1795 vero
1589 1746 1648 1796 ad
1697 1746 1856 1802 Hera-

171 1829 356 1883 elidem
403 1830 601 1883 circiter
647 1830 895 1900 progressa
948 1828 1064 1881 effet
1125 1828 1302 1881 vmbra
1330 1868 1346 1895 ,
1415 1828 1738 1884 obseruabam
1767 1875 1781 1900 ,
1824 1850 1854 1887 a

170 1913 410 1984 superiori
456 1914 534 1966 sua
578 1927 717 1984 parte
749 1955 763 1983 ‚
811 1913 970 1982 ipsam.
1015 1916 1253 1966 rariorem
1298 1912 1417 1967 effe.
1537 1912 1664 1965 Parti
1710 1918 1853 1971 enim

169 1995 351 2050 lunaris
418 1997 534 2050 disci
602 1997 666 2048 ab
738 1996 919 2048 vmbra
988 2013 1091 2049 non
1153 1996 1314 2064 teeti,
1385 1992 1568 2052 ABG,
1637 1999 1853 2053 abhoc

169 2096 449 2136 momento
477 2123 491 2148 ‚
535 2097 691 2151 vsque
731 2081 792 2132 ad
838 2079 1223 2133 immersionem
1267 2079 1503 2146 totalem,
1530 2081 1722 2135 adnexa
1779 2085 1853 2137 vi-

170 2166 381 2217 debatur
421 2162 745 2233 appendicula
787 2160 947 2214 ADE
972 2203 986 2228 ,
1028 2164 1192 2215 Ιαᾶεο
1237 2165 1406 2216 colore
1449 2163 1733 2233 splendens,
1769 2147 1964 2240 quab.
2004 2148 2081 2204 Ἣ*

167 2245 403 2318 splendor
445 2247 556 2317 post
599 2246 980 2299 immersionem
1025 2246 1234 2299 totalem
1281 2247 1442 2301 adhuc
1487 2265 1576 2318 per
1608 2244 1707 2301 10²
1742 2254 1848 2307 {en-
1915 2222 1971 2284 fig
2007 2236 2047 2282 3⁸

168 2330 314 2387 sibilis
358 2343 460 2383 erat
492 2373 507 2396 ,
550 2348 606 2384 ac
651 2331 820 2393 fallere
865 2330 1097 2399 potuisset
1141 2332 1208 2382 rei
1255 2332 1478 2402 ignarum
1512 2373 1528 2401 ‚
1574 2347 1626 2387 vt
1674 2338 1847 2392 crede-

168 2429 242 2470 ret
276 2457 291 2483 ‚
335 2414 530 2469 Lunam
574 2419 801 2469 nundum
848 2428 1009 2467 totam
1057 2416 1364 2470 obscuratam
1409 2417 1519 2471 effe.
1594 2418 1708 2473 Post
1747 2422 1843 2477 ho-

169 2516 281 2555 ram
333 2518 425 2553 11.
472 2515 523 2552 et
564 2503 664 2566 42¹
710 2512 791 2553 aut
859 2494 969 2566 43²
1036 2501 1234 2569 penitus
1298 2502 1616 2557 euanescebat
1657 2504 1839 2568 Luna,

164 2587 234 2639 ita
282 2596 336 2636 vt
380 2586 477 2637 fere
522 2600 672 2657 vsque
710 2585 769 2638 ad
827 2584 1117 2638 emerfionis
1187 2585 1385 2642 initium
1455 2587 1643 2644 nullum
1686 2591 1839 2663 ipsius

160 2669 432 2740 vestigium
479 2673 528 2723 in
569 2670 719 2724 coelo
757 2668 1036 2741 superesset.

357 2795 629 2851 Momenta
675 2797 1013 2852 immersionis
1054 2807 1108 2851 et
1152 2797 1445 2854 emerfionis
1487 2799 1835 2871 macularum'‚

161 2882 323 2940 minus
365 2883 522 2933 secura
566 2881 709 2948 sunt,
773 2899 926 2953 quam
972 2896 1239 2939 momenta
1304 2884 1635 2957 principalia,
1701 2885 1836 2939 initii

173 2991 176 2994 ·
240 2964 913 3043 Tom.1X.Nou.Comm.
1283 2969 1332 3025 R
1359 2984 1430 3026 rt
1775 2981 1829 3025 et
