2342 3554
310 306 1048 378 MICROSCOPII
1114 305 1570 372 SOLARIS
1659 323 1776 382 325

111 465 313 523 diorum
355 468 676 525 incidentiam
707 507 722 532 ,
760 463 1041 523 admodum
1083 462 1279 518 confuse
1321 464 1675 535 depinguntur.
1734 458 1790 516 Si

116 564 283 607 autem
329 554 510 609 duabus
552 569 761 608 vtamur·
797 549 1010 604 lentibus
1039 589 1062 617 ,
1103 550 1322 620 tuboque
1368 547 1491 619 ipsas
1518 546 1787 600 includenti

108 633 379 692 inieramus
402 675 419 707 ,
463 641 547 693 vbi
603 638 851 707 Vtriusque
904 634 1054 688 lentis—
1090 632 1193 687 foci
1234 643 1541 686 concurrunt
1567 671 1582 700 ,
1628 646 1790 684 annu-

108 717 215 775 lum
261 723 554 778 circularem.
595 721 793 776 debitae
839 718 1195 789 magnitudinis
1225 755 1241 776 ‚
1280 717 1378 772 alia
1419 716 1571 787 longe
1594 729 1671 768 res
1696 713 1797 778 est,

104 813 218 857 tum
261 807 400 861 'enim
444 823 647 878 campus
689 804 971 860 admodum
1012 815 1153 858 acute
1179 802 1500 868 terminatur,
1541 798 1784 870 nullique,

104 888 196 942 nifi
222 891 306 961 qui
350 893 413 946 ad
456 892 733 963 imaginem
776 888 1092 959 pingendam*
1130 889 1465 958 requiruntur,
1508 884 1656 950 radii,
1699 899 1784 936 ca·

104 988 304 1026 meram
346 975 551 1029 intrant.
642 973 905 1043 Insigniter
948 971 1043 1026 hae
1081 973 1275 1038 ‘ratione
1319 969 1474 1024 iuuari
1517 964 1661 1040 poffe
1701 967 1778 1039 pi·

104 1055 359 1110 &uratum
386 1099 402 1125 ,
443 1075 567 1128 quae
609 1075 637 1111 a
683 1054 1020 1128 microscopio
1061 1053 1200 1110 solari
1224 1056 1541 1119 formantur,
1583 1051 1786 1121 elegan-

101 1138 222 1189 tiam
250 1177 266 1203 ,
309 1154 560 1207 auguror3
605 1139 730 1192 hanc
768 1141 905 1191 enim
951 1139 1114 1194 solam⁴
1153 1140 1231 1193 ob·
1267 1140 1526 1193 rationem
1563 1134 1784 1188 laternae

97 1221 322 1288 magicae
350 1260 365 1287 ,
403 1220 592 1291 duplici
637 1221 782 1272 lente·
817 1220 1066 1273 obieetiua·
1104 1223 1357 1290 praeditae
1385 1261 1410 1291 „
1448 1220 1600 1289 longe
1641 1231 1786 1289 prae-

99 1301 361 1357 stantiores
403 1304 720 1358 inueniuntur
763 1301 854 1369 iis,
902 1302 962 1354 in*
999 1303 1182 1373 quibus·
1219 1318 1327 1355 non
1373 1301 1459 1355 nisi
1499 1301 1642 1355 vnica
1674 1299 1783 1354 lens

102 1385 201 1441 sola
248 1387 526 1447 adhibetur.
654 1383 830 1441 Certus
880 1386 1046 1458 itaque
1090 1385 1197 1439 sum
1225 1429 1248 1454 ,‚
1287 1385 1568 1458 imaginum
1610 1400 1639 1438 a
1685 1384 1781 1439 mi-

100 1472 363 1544 croscopio
428 1471 574 1528 solari
641 1470 1007 1544 produitasum:
1057 1469 1364 1540 elegantiam
1432 1469 1602 1541 augeri
1670 1467 1785 1525 insi-

102 1557 268 1628 gniter
308 1556 442 1628 poste
472 1597 489 1625 ‚
531 1557 567 1610 si
612 1555 824 1627 pluribus
867 1567 1074 1608 vtamur⁴
1103 1554 1319 1609 lentibus
1353 1555 1612 1610 obiestiuis
1642 1570 1660 1625 3
1716 1569 1782 1609 an

100 1655 261 1712 vem,
304 1641 465 1711 quoad
508 1639 890 1695 diffinitionem,
929 1655 1124 1710 quoque
1148 1675 1172 1705 ‚,
1206 1638 1381 1710 aliquis
1434 1639 1619 1692 exinde
1661 1636 1777 1708 spe-

105 1724 201 1779 rari
244 1736 390 1796 queat
428 1723 612 1778 fruetus
637 1767 653 1795 ,
694 1724 882 1778 altioris
922 1723 1229 1796 aliquantum
1271 1722 1341 1776 est
1378 1720 1658 1794 indaginiS,
1702 1730 1778 1775 at·

101 1824 200 1879 que
242 1825 333 1861 nec
378 1810 608 1877 afferere,
645 1824 746 1862 nec·
783 1824 994 1880 negare,
1049 1807 1211 1862 statim
1258 1805 1420 1862 audeo
1446 1849 1463 1879 ,
1509 1805 1597 1861 nifi
1637 1803 1781 1878 post·

104 1908 255 1961 quam
300 1893 608 1948 instrumenti
648 1892 906 1947 theoriam
942 1891 1138 1963 penitus
1207 1892 1548 1965 explorauero
1571 1929 1590 1961 ‚
1650 1887 1792 1963 quod

100 1975 199 2029 alio
234 1974 354 2031 loco
395 1993 454 2031 ac
497 1990 731 2049 tempore
772 1975 1082 2051 praestiturus
1120 1974 1249 2031 sum.

403 2543 755 2561 -'-—-
761 2544 1498 2568 ——-———.-
