2342 3554
548 320 669 379 474
832 299 1941 368 OBSERVATIONES

552 460 659 516 An.
681 471 787 525 175
804 466 850 513 8.
863 458 970 532 styl
1007 473 1112 515 nou.

550 543 590 598 'd
644 561 737 611 23.
772 545 886 598 Ian.
924 553 1071 617 temp.

593 643 713 681 vero
768 627 1094 696 Astt'onomz'cO.

600 739 669 791 17

633 1356 689 1371 ⁶·-
751 1349 842 1390 12.
890 1350 983 1390 20.

628 2096 686 2141 '-
742 2109 834 2147 12.
873 2106 973 2163 45.

629 2438 688 2484 ἰ’-
745 2455 836 2509 14.
893 2451 982 2507 15.

629 2731 687 2751 -·
744 2722 838 2775 14·
880 2722 976 2776 45-

676 716 716 776 b.
775 720 855 778 ι).
912 724 1011 778 off.

1190 725 1472 781 Penumbra
1518 725 1620 779 iam
1670 725 1731 779 ad
1779 721 1996 778 limbum
2041 719 2214 777 Lunae

1072 810 1361 865 orientalem
1404 811 1454 862 in
1501 811 1704 880 regione
1754 811 1879 862 inter
1926 805 2215 862 Cardanum

1074 907 1126 947 et
1167 893 1424 948 Seleucum
1450 894 1683 963 distingui
1717 894 1903 963 potuit,
1937 893 2055 947 licet
2082 890 2221 946 Luna

1075 993 1169 1050 per
1212 980 1367 1031 nubes
1409 976 1590 1048 pallida
1633 987 1913 1049 appareret.

1151 1077 1433 1132 Penumbra
1480 1076 1621 1130 densa
1661 1077 1951 1132 cernebatur
1993 1074 2047 1127 in
2088 1072 2221 1128 dic'ta

1071 1160 1252 1215 lunaris
1293 1161 1412 1215 disci
1459 1162 1679 1230 regione.
1779 1159 1923 1211 Luna
1991 1157 2220 1210 nonnihil

1077 1244 1284 1299 lucidior
1326 1255 1450 1296 erat.

1155 1336 1365 1390 Initium
1410 1333 1618 1402 Eclipfis
1656 1332 1764 1385 fieri
1803 1331 1991 1385 credid-i
2031 1332 2081 1385 in
2105 1347 2217 1385 me.

1066 1418 1144 1470 dia
1210 1423 1342 1470 inter
1406 1414 1692 1468 Cat-danum
1737 1428 1786 1468 et
1829 1411 2093 1469 Seleucum
2138 1431 2208 1468 re*

1069 1502 1237 1571 gione.
1333 1495 1516 1552 Forsan
1557 1497 1757 1552 initium
1802 1497 2032 1552 nonnihil
2075 1500 2221 1554 citiua

1067 1584 1305 1655 contigit:
1365 1581 1547 1636 vmbra
1586 1583 1724 1635 enim
1771 1597 1889 1635 vera
1928 1599 2047 1636 cum
2091 1599 2218 1654 pen·

1061 1668 1239 1722 vmbra
1278 1665 1555 1721 admodum
1604 1664 2009 1719 confundebatur.
2085 1665 2215 1721 Non

1071 1752 1289 1807 multum
1336 1763 1509 1804 tamen
1552 1750 1763 1804 aberrari
1807 1763 1933 1821 puto
1961 1792 1978 1822 ,
2023 1750 2061 1804 fi
2104 1765 2219 1804 mo,

1074 1848 1308 1890 mentum
1353 1846 1581 1888 notatum
1626 1851 1719 1905 pro
1766 1847 2038 1890 momento
2085 1834 2218 1889 initii

1062 1918 1316 1973 habeatur.
1405 1918 1546 1973 Luna
1585 1918 1696 1972 satis
1735 1917 1890 1972 lucida
1932 1933 2026 1991 per
2067 1917 2220 1972 nubes

1061 2004 1304 2071 apparuit.

1150 2090 1326 2146 Certus
1370 2108 1509 2145 eram
1539 2135 1555 2161 ,
1617 2091 1819 2145 initium
1865 2092 2076 2161 Eclipfis
2114 2095 2216 2147 iam

1069 2188 1185 2229 ante
1228 2174 1517 2244 contigiffe,
1562 2174 1680 2229 licet
1721 2174 1966 2226 terminus
1985 2173 2085 2227 fere
2109 2176 2219 2229 nui-

1067 2257 1140 2311 lus
1183 2260 1311 2311 inter
1352 2260 1591 2311 vmbram
1632 2267 1683 2310 et
1726 2256 2064 2329 penumbram
2133 2259 2219 2314 di-

1075 2341 1252 2412 stingui
1298 2342 1474 2412 posset.

1147 2435 1355 2492 Credidi
1399 2438 1657 2509 appulsum
1700 2437 1912 2492 Vmbrae
1969 2437 2029 2491 ad
2099 2434 2217 2495 Gri-

1068 2521 1330 2590 maldum‚
1392 2523 1612 2576 termino
1677 2521 1805 2574 inter
1872 2520 2111 2578 vmbram
2167 2536 2217 2579 et

1070 2607 1404 2680 penumbram
1448 2605 1590 2660 valde
1637 2606 1847 2659 incerto.

1145 2701 1327 2757 Certus
1373 2719 1508 2759 eram
1548 2704 1610 2759 de
1652 2703 1855 2776 appulsu
1899 2703 2108 2758 vmbrae
2153 2701 2215 2758 ad

1073 2785 1426 2858 Grimaldum3
1468 2787 1555 2843 vel
1592 2789 1762 2859 potius
1790 2787 2072 2860 peripheria
2103 2803 2216 2842 vm-

1010 2883 1014 2886 ·
1079 2872 1196 2929 brae
1237 2866 1551 2930 Grimaldum
1592 2873 1695 2929 iam
1758 2871 1990 2929 nonnihil
2065 2871 2222 2924 intra-

2058 2964 2219 3030 verat.
