2383 3663
696 298 850 368 meeis
891 291 927 374 ')
972 313 1007 350 0
1054 296 1076 362 (
1119 295 1273 364 &2³30-
1801 311 1840 373 9

148 452 203 506 in
246 449 450 505 dubium
494 461 678 503 vocare
722 445 961 515 sustinet,
1004 447 1164 502 veluti
1206 461 1275 500 ex
1319 444 1496 518 primis
1547 444 1676 500 adeo
1730 445 1841 499 ele-

154 535 345 588 mentis
389 533 581 587 ostendi
621 531 819 602 potest,
863 529 1009 585 huius
1053 531 1192 586 seriei
1234 531 1606 602 geometricae:
1669 535 1838 591 14}

153 624 668 687 -q—g-—f-g-t-gv--l-
688 607 832 681 3¹34-
859 629 954 670 etc.
998 616 1050 669 in
1091 615 1350 669 infinitum
1398 617 1650 668 summam
1694 613 1842 668 bina·

146 703 232 756 ‘rio
275 701 378 756 effe
422 701 701 772 aequalem.
813 699 1112 775 Quanquam
1180 712 1348 754 autem
1396 698 1526 752 haud
1569 696 1841 751 difficulter

150 785 364 841 iudicare
406 786 524 840 licet
549 828 564 856 ,
612 796 784 838 vtrum
827 783 1117 838 huiusmodi
1162 784 1392 838 seriorum
1423 824 1440 853 ‚
1483 799 1691 855 quarum
1731 794 1843 835 tet-

147 870 276 923 mini
330 871 578 922 continuo
637 867 767 923 fiunt
829 867 1055 921 minores
1081 909 1097 937 ‚
1164 867 1456 922 dummodo
1519 879 1658 922 certa
1725 866 1838 937 lege

142 953 525 1023 progrediantur
553 990 568 1009 .
608 953 836 1005 summae
881 951 978 1004 sint
1018 951 1204 1023 finitae,
1230 969 1319 1006 nec
1344 970 1406 1006 ne
1433 949 1455 1007 ζ
1493 964 1670 1006 tamen
1693 949 1839 1023 sa'epe

144 1050 360 1088 numero
404 1034 614 1099 accidit,
646 1046 700 1085 vt
744 1032 937 1085 summa
967 1070 981 1096 ,
1024 1036 1216 1088 etiamsi
1260 1049 1402 1088 certo
1444 1036 1502 1088 fit
1548 1036 1722 1102 finita,
1755 1035 1836 1086 ni-

146 1117 254 1172 hilo
302 1117 469 1171 minus
510 1115 734 1188 assignari
782 1128 1036 1187 nequeat,
1081 1116 1512 1186 quemadmodum
1559 1118 1644 1168 viu
1690 1115 1835 1169 venit

141 1203 198 1257 in
241 1201 335 1255 hac
379 1201 498 1254 serie
541 1205 1387 1267 ;÷-÷÷}—t-},-†-÷¹J÷3¹3÷
1414 1213 1513 1253 etc.
1555 1199 1691 1253 cuius
1744 1200 1836 1253 de-

137 1287 513 1355 nominatore5‚
546 1288 658 1358 quia
705 1285 895 1337 vnitate
938 1284 1161 1355 superant
1204 1286 1557 1354 praecedentes
1582 1326 1596 1353 ‚
1636 1284 1832 1337 summa

139 1371 243 1425 fine
287 1372 431 1424 omni
475 1371 627 1424 dubio
669 1371 839 1423 minor
885 1369 954 1423 est
985 1404 1000 1435 ,
1051 1385 1200 1439 quam
1248 1370 1411 1438 illius,
1480 1383 1639 1439 neque
1704 1382 1832 1421 vero

142 1456 251 1508 eius
292 1471 434 1509 verus
480 1455 621 1509 valor
666 1454 777 1508 vllo
829 1455 990 1508 modo
1045 1454 1206 1507 adhuc
1273 1453 1553 1525 inuestigari
1622 1452 1833 1524 potuit,

140 1541 208 1592 ita
255 1553 311 1593 vt
351 1542 393 1592 is
440 1556 539 1593 non
564 1540 722 1593 solum
758 1555 858 1593 non
901 1539 1244 1607 rationaliter,
1294 1539 1372 1591 fied
1414 1539 1564 1592 etiarn
1613 1554 1718 1591 non
1740 1552 1831 1608 pet

139 1639 380 1686 numeros
424 1622 587 1678 surdos
614 1665 631 1695 ,
678 1625 795 1695 quin
836 1641 896 1676 ne
939 1640 1029 1694 per
1075 1625 1464 1676 tranicendentes
1508 1622 1714 1694 quidem
1741 1621 1828 1674 vsu

133 1707 246 1758 satis
293 1708 470 1772 tritas,
509 1709 789 1758 cuiusmodi
837 1707 977 1773 sunt,
1021 1723 1144 1772 quae
1190 1707 1271 1756 vel
1326 1723 1352 1756 a
1394 1708 1687 1774 quadratura
1731 1704 1828 1756 cit-

130 1788 276 1850 culi,
317 1787 399 1839 vel
440 1787 749 1855 logarithmis
793 1790 1006 1854 pendent
1036 1826 1051 1851 ,
1101 1788 1324 1854 exprimi
1378 1786 1518 1852 poffe
1574 1785 1819 1840 videatur.

138 1868 304 1924 Simili
378 1870 537 1921 modo
582 1867 705 1920 haec
761 1867 1063 1920 frastionurn
1110 1867 1288 1920 series:
1358 1873 1828 1934 ξ-ι-ξ-ι-ξῑ-μξῑ

89 1990 93 1993 -
138 1959 548 2022 -ὶ-ξῑ-ὶ-ίς-Ι-
570 1966 665 2006 etc,
709 1952 850 2005 cuius
899 1953 984 2005 lex
1027 1952 1481 2006 denominatorum
1532 1954 1827 2009 differentiis

137 2037 426 2103 sumendiS,
474 2053 599 2110 quae
639 2036 745 2090 sunt
793 2042 1190 2106 4.6.8.1o.12
1222 2050 1323 2091 etc.
1374 2054 1463 2107 per
1505 2038 1548 2090 se
1594 2036 1661 2091 est
1704 2054 1824 2107 per-

138 2123 303 2193 spicua
336 2166 351 2194 ‚
396 2122 487 2176 etsi
533 2135 669 2176 certe
717 2121 786 2174 est
839 2122 977 2176 finita
1009 2161 1021 2179 ‚
1066 2121 1206 2174 nullo
1276 2135 1447 2175 tamen
1491 2122 1821 2193 quantitatum

132 2223 317 2277 genere
359 2210 566 2278 cognito
608 2205 837 2260 exhiberi
883 2206 1081 2277 potest:
1127 2220 1193 2258 ex
1238 2221 1336 2275 quo
1379 2223 1447 2260 eo
1505 2207 1668 2277 magis
1725 2208 1824 2261 mi-

133 2308 248 2344 rum
291 2292 441 2346 videri
483 2291 659 2360 debet,
683 2293 812 2362 quod
860 2292 892 2344 fi
940 2292 989 2346 in
1031 2290 1231 2358 circum,
1257 2292 1393 2344 cuius
1425 2291 1579 2344 radius
1604 2307 1821 2358 --1‚ar-

132 2378 734 2445 cuscapiuntur‚quorum
767 2389 1023 2445 tangentes
1058 2375 1151 2429 fint
1179 2374 1437 2427 succeffiue
1472 2376 1558 2440 ἐξ.
1578 2370 1695 2440 ξῑέῑ
1720 2386 1816 2427 etc.

133 2456 319 2510 horum
389 2459 626 2510 omnium
692 2475 897 2512 arcuum
973 2461 1022 2510 in
1097 2456 1349 2509 infinitum
1410 2445 1818 2511 continuatorum

126 2540 322 2595 summa
367 2538 588 2609 affignari
631 2539 820 2611 possit,
873 2554 1018 2613 atque
1062 2541 1189 2594 adeo
1230 2552 1432 2612 quartae
1498 2538 1813 2613 peripheriae

128 2625 256 2697 parti
310 2623 368 2676 sit
417 2623 643 2694 aequalis,

325 2707 386 2761 In
433 2706 525 2760 hac
571 2709 720 2779 igitur
763 2707 1093 2763 dissertatione
1136 2707 1242 2764 Cel.
1284 2709 1483 2765 Austor
1527 2710 1664 2781 plura
1719 2708 1812 2763 hu-

128 2792 344 2846 iusmodi
396 2791 628 2847 serierum
697 2809 879 2864 genera
948 2797 1254 2866 perpendit,
1322 2811 1532 2867 quarum
1601 2793 1812 2848 termini

130 2875 302 2946 finguli
344 2875 451 2930 sunt
496 2893 632 2932 arcus
697 2878 956 2933 circulares
981 2921 999 2952 ,
1064 2896 1274 2953 quorum
1344 2891 1605 2952 tangentes
1667 2890 1811 2933 certo

213 2957 870 3040 Tem-IX.Nou.Comm.
1113 3001 1116 3004 ι
1246 2963 1280 3019 b
1642 2962 1807 3019 m‘odo
