2342 3554
786 223 944 295 »ἓέεέ
987 217 1008 298 )
1052 236 1090 280 0
1134 219 1153 300 (
1192 219 1344 293 ἓὶάωω
1826 237 1902 292 27

1024 373 1108 433 11.

215 539 346 620 De
397 554 620 624 motu
673 537 1080 622 cordarum
1149 539 1639 648 inaequaliter
1722 563 1908 619 cras-

900 670 1167 749 sarum.

396 846 744 928 Auctore
808 847 902 930 L.
961 848 1248 929 Eulero
1305 874 1478 957 pag.
1536 849 1736 952 246.

206 1034 469 1166 Notum
511 1041 583 1096 est
631 1040 764 1095 inter
808 1040 1021 1096 musicos
1051 1081 1069 1109 ‚
1124 1043 1304 1095 cordas
1329 1080 1347 1109 ‚
1413 1041 1588 1111 quibus
1633 1040 1686 1093 in
1729 1039 1912 1095 instru-

369 1127 557 1182 mentis
599 1126 797 1181 musicis
834 1128 912 1180 vti
952 1125 1146 1185 solent,
1196 1129 1343 1179 Ionos
1401 1123 1694 1179 harmoniae
1763 1137 1912 1196 aptos

206 1229 316 1269 non
360 1214 508 1267 edere
538 1253 555 1279 ,
608 1212 697 1267 nisi
750 1228 838 1267 eae
885 1228 974 1284 per
1042 1225 1204 1267 totam
1276 1210 1646 1283 longitudinem
1692 1210 1910 1263 eandem

206 1299 402 1369 vbique
446 1296 665 1353 habeant
706 1297 972 1352 crassitiem
1002 1335 1016 1362 ,
1081 1311 1226 1370 atque
1266 1312 1298 1350 a
1340 1297 1516 1349 cordis
1583 1294 1910 1364 inaequaliter

206 1382 371 1438 craffis
438 1381 584 1438 sonos
651 1383 795 1438 rudes
835 1396 891 1437 et
934 1383 1165 1437 maxime
1232 1382 1453 1453 ingratos
1516 1378 1773 1453 produci,
1843 1393 1911 1433 ex

208 1484 313 1541 quo
356 1467 654 1524 huiusmodi
695 1470 881 1524 cordae
924 1467 1064 1522 falsae
1111 1467 1443 1539 appellantur.
1537 1464 1693 1539 Quod
1733 1475 1912 1518 autem

206 1556 391 1608 cordae
454 1554 723 1625 aequaliter
782 1553 965 1609 ctaffae
1036 1553 1179 1606 sonos
1259 1553 1320 1607 ad
1381 1550 1625 1606 musicam
1697 1548 1911 1602 idoneos

208 1637 398 1702 edant,
442 1638 494 1688 id
537 1651 639 1710 non
682 1637 841 1690 solum
886 1638 1006 1688 inde
1045 1637 1222 1698 venit,
1261 1638 1401 1703 quod
1443 1650 1621 1686 earum
1665 1631 1914 1684 vibratio·

208 1734 298 1772 nes
337 1718 618 1787 aequalibus
662 1719 911 1787 temporis
952 1717 1226 1770 interuallis
1269 1716 1609 1781 absoluantur,
1633 1714 1797 1782 sicque
1830 1714 1908 1768 so·

206 1818 333 1856 num
377 1802 501 1854 certi
543 1801 731 1853 tenoris
774 1800 1081 1864 exhibeant,
1129 1798 1213 1852 sed
1248 1798 1410 1851 etiam
1455 1795 1767 1870 potissimum
1793 1813 1909 1852 eam

204 1885 283 1941 ob
327 1884 523 1941 causam
552 1924 568 1952 ‚
606 1884 743 1956 quod
784 1885 961 1939 eadem
1006 1885 1163 1938 corda
1206 1882 1389 1954 pulsata
1415 1922 1430 1952 ,
1474 1896 1673 1954 praete-r
1726 1880 1906 1937 sonum

204 1968 549 2044 principalem
578 2010 600 2042 ,
637 1969 791 2025 'simul
833 1969 959 2024 alios
996 1968 1147 2022 sonos
1191 1969 1436 2022 acutiores
1506 1967 1693 2022 auditui
1740 1966 1907 2037 perci-

206 2056 403 2127 piendo
444 2054 666 2125 offerat,
723 2056 803 2128 qui
847 2072 965 2110 cum
1013 2055 1280 2125 principali
1321 2051 1652 2125 gratissimam
1695 2051 1905 2107 harmo-

206 2140 347 2195 niam
394 2141 717 2195 constituant.
798 2140 1107 2196 vHuiusmodi
1152 2137 1340 2193 scili-cet
1380 2139 1538 2192 corda
1567 2137 1735 2210 pulsa,
1759 2151 1907 2208 prae-

199 2236 287 2278 ter
308 2228 488 2279 ionum
514 2225 986 2296 principalem,alii
1032 2223 1174 2293 soni,
1214 2240 1333 2278 cum
1380 2223 1593 2292 ofiaua‚
1637 2236 1746 2277 tum
1773 2221 1905 2276 duo-

208 2307 411 2361 decima
444 2347 459 2372 ,
504 2325 661 2377 porro
702 2311 888 2381 duplici
928 2310 1104 2364 octaua
1133 2349 1152 2374 ‚
1195 2310 1272 2360 seu
1331 2309 1533 2360 decima
1580 2308 1753 2375 quinta
1783 2346 1799 2373 ‚
1831 2321 1901 2362 ac

205 2390 428 2461 denique
474 2392 674 2444 decima
706 2394 929 2462 septima
976 2394 1205 2456 altiorssS,
1243 2388 1498 2442 :debiliter
1524 2389 1728 2459 quidem
1758 2429 1774 2456 ,
1818 2387 1901 2444 sed

205 2476 320 2530 fiatis
360 2474 620 2541 distincte,
646 2476 1022 2547 percipiuntur,
1058 2475 1151 2546 qui
1182 2472 1335 2541 ³soni,
1362 2489 1489 2528 cum
1528 2473 1596 2526 {ad
1643 2472 1903 2544 principa.

204 2560 319 2615 lem
349 2559 474 2627 sint,
500 2570 580 2613 ‘vt
623 2562 822 2614 numeri
872 2577 935 2628 2,
983 2574 1048 2628 3,
1092 2577 1165 2627 4,
1213 2571 1279 2631 5,
1323 2559 1382 2611 ad
1428 2558 1714 2626 mitatem,
1753 2572 1899 2628 egre-

206 2646 289 2715 ·gia
334 2643 606 2698 harmonia
659 2643 846 2700 'sensum
916 2645 1109 2699 auditus
1169 2642 1506 2715 permulcent.
1598 2642 1899 2720 «Quomodo

201 2743 376 2784 autem
421 2728 477 2789 hi
515 2728 624 2784 soni
661 2730 728 2785 ab
773 2730 954 2786 eadem
1001 2731 1155 2784 corda
1197 2728 1339 2784 fimul
1378 2728 1752 2799 producantur,
1795 2743 1897 2797 quo

203 2812 570 2885 phaenomeno
599 2836 604 2845 ·
612 2813 850 2890 plerisque
887 2816 1121 2872 vniuerffi
1161 2826 1329 2872 motus
1368 2814 1630 2884 vibratorii
1701 2812 1896 2868 theoria

1010 2899 1045 2955 d
1092 2917 1125 2953 2
1737 2894 1893 2952 euerti
