2342 3554
512 252 630 319 406
786 248 1917 314 OBSERVATIONES

500 412 698 472 paretur
742 418 860 457 cum
907 405 1149 461 maximo
1195 420 1332 460 200.
1360 404 1443 459 vel
1469 420 1605 460 201.
1645 407 1761 461 alias
1785 408 1871 464 hic
1895 407 2171 479 obseruato,

502 484 676 556 1733.
709 500 886 555 1739.
935 501 988 544 et
1023 499 1201 560 1748,
1228 503 1384 562 patet,
1412 492 1622 562 gradum
1666 490 1862 563 frigoris
1885 493 2026 548 huius
2049 494 2165 548 anni

495 573 790 627 maximum
837 575 1083 646 proxime
1124 577 1184 630 ad
1226 577 1511 630 maximum
1557 577 1795 631 omnium
1855 577 1940 632 hic
2006 578 2173 632 obser-

494 668 733 714 vatorum
775 660 1009 715 accedere
1038 700 1054 729 ,
1123 662 1330 732 gradum
1397 673 1569 715 autem
1634 662 1813 715 caloris
1878 663 2167 718 maximum

492 741 590 795 effi:
634 743 892 814 aequalem
935 746 1171 799 maximo
1213 745 1446 799 omnium
1492 745 1573 801 hic
1617 746 2018 815 obseruatorum,
2043 745 2176 802 scili-

490 838 574 880 cet
616 842 694 893 97
724 871 739 897 ,
780 840 929 901 quem
959 871 974 898 ,
1038 829 1112 883 vti
1156 845 1222 886 ex
1290 831 1694 888 antecedentibus
1756 831 2176 887 obseruationibus

495 922 658 983 patet,
684 913 970 967 notauimus
1013 912 1124 968 Iulii
1175 930 1270 967 12.
1321 914 1379 970 h.
1425 931 1481 985 4.
1530 934 1581 990 p.
1627 934 1700 971 m.
1744 917 1860 972 anni
1915 918 2181 990 superioris

503 1008 681 1063 1757.
749 997 930 1052 aestate
1005 998 1309 1054 calidiffima.
1434 1002 1692 1077 Quoniam
1772 1015 1946 1057 autem
2027 1001 2178 1073 frigus

497 1082 784 1137 maximum
831 1081 973 1138 huius
1015 1084 1129 1138 anni
1193 1097 1326 1151 197.
1381 1102 1487 1141 non
1540 1086 1732 1157 superat
1798 1086 1942 1156 frigus
2006 1085 2178 1140 maxi·

500 1181 643 1219 mum
694 1182 841 1221 200:
879 1168 1199 1223 manifestum
1246 1170 1331 1232 est,
1374 1169 1510 1222 hunc
1552 1169 1764 1239 gradum
1809 1169 2048 1223 omnium
2091 1169 2179 1223 ad-

500 1247 595 1303 huc
640 1249 725 1303 hic
768 1251 1140 1304 obseruatorum
1189 1266 1392 1303 manere
1436 1252 1727 1305 maximum
1764 1294 1778 1320 ,
1840 1263 1889 1303 et
1955 1250 2176 1322 spatium

496 1333 831 1389 variationum
875 1333 1056 1388 caloris
1096 1350 1228 1390 anno
1272 1333 1518 1408 superiore
1570 1336 1631 1393 de
1699 1351 1843 1393 nouo
1905 1334 2174 1391 stabilitum

502 1433 704 1473 manere
758 1434 888 1487 103.

698 1569 785 1628 Ex
827 1574 1213 1647 comparatione
1259 1575 1653 1634 differentiarum
1723 1594 1883 1650 porro
1937 1576 2180 1651 conspici·

503 1668 623 1726 tur,
671 1658 954 1713 maximam
1002 1661 1305 1716 menstruam
1354 1663 1664 1719 obseruatam
1709 1664 1811 1718 effe
1854 1679 1955 1734 45.
2013 1663 2184 1719 mense

504 1741 738 1797 Ianuario
765 1786 781 1812 ‚
822 1755 876 1797 et
921 1745 1195 1801 minimam
1248 1765 1344 1802 21.
1392 1749 1562 1803 rrense
1606 1749 1824 1806 Ostobri
1851 1791 1867 1820 ,
1907 1764 2032 1823 qnae
2070 1748 2186 1803 satis

503 1844 649 1899 parua
717 1828 827 1896 est,
893 1846 1049 1901 quum
1110 1830 1242 1887 haud
1286 1850 1401 1889 raro
1445 1834 1760 1891 differentiae
1804 1836 2011 1891 diurnae
2079 1849 2184 1888 non

504 1911 663 1966 solum
711 1911 828 1967 huic
872 1916 1094 1984 aequale-s
1118 1958 1131 1982 ,
1177 1918 1255 1971 sed
1296 1935 1355 1971 ea
1400 1922 1621 1972 maiores
1663 1921 1972 1990 reperiantur
1996 1962 2014 1989 ,
2056 1917 2178 1971 dum

507 1996 566 2049 ad
611 1995 787 2068 gradus
839 2006 934 2052 28.
977 2011 1028 2051 et
1096 2015 1193 2067 30.
1249 2001 1546 2072 tempestate
1615 2000 1840 2058 variabili
1906 2014 1958 2055 et
2025 2000 2184 2055 subito

510 2077 768 2153 infigniter
841 2092 1028 2134 mutata
1109 2081 1404 2139 adscendere
1478 2083 1674 2154 solent,
1755 2087 1825 2140 vti
1878 2085 1983 2140 hoc
2045 2097 2182 2138 anno

511 2163 743 2218 maxima
787 2164 963 2218 diurna
1006 2165 1095 2219 fuit
1148 2172 1240 2221 28.
1288 2167 1475 2237 Aprilis
1523 2185 1618 2222 12.
1667 2168 1937 2237 obseruata,
1962 2168 2185 2238 quamuis

507 2260 680 2301 contra
728 2264 784 2302 ea
831 2264 1188 2320 nonnunquam
1233 2249 1513 2308 differentia
1553 2252 1724 2310 diurna
1767 2253 1861 2309 vix
1927 2251 1987 2309 fit
2025 2252 2180 2306 etiam

510 2330 776 2408 sensibilis,
843 2334 976 2409 quod
1041 2334 1283 2409 posterius
1349 2348 1521 2393 tamen
1591 2340 1744 2398 rarius
1804 2336 2035 2398 accidere
2101 2335 2184 2395 hic

501 2417 652 2472 solet.

711 2501 904 2561 Gradus
945 2505 1134 2578 frigoris
1178 2509 1435 2565 maximus
1478 2510 1619 2567 huius
1670 2512 1786 2568 anni
1855 2524 1989 2581 197.
2054 2506 2186 2565 mini

515 2586 798 2642 obseruatus
864 2590 1075 2644 Ianuarii
1146 2613 1198 2659 9.
1248 2594 1302 2647 h.
1355 2613 1447 2650 11.
1496 2615 1545 2670 p.
1597 2616 1670 2651 m.
1738 2596 1820 2653 snb
1883 2595 2190 2670 sequentibus

518 2673 894 2729 circumstantiis
936 2676 1162 2747 contigit.
1214 2675 1535 2739 „.Barometri
1580 2682 1790 2737 altitudo
1831 2695 1940 2736 erat
1979 2685 2184 2736 28.22.

520 2774 676 2827 quum
724 2774 871 2810 mane
914 2758 1050 2813 fuerit
1098 2766 1304 2816 28.28.
1351 2758 1443 2818 die'
1489 2767 1803 2822 antecedenti
1879 2777 2092 2830 28.:30·
2135 2775 2190 2817 et

516 2840 731 2924 sequenti
775 2860 924 2900 mane
969 2851 1178 2902 28.10.
1268 2850 1393 2906 Nox
1435 2864 1540 2906 erat
1582 2851 1909 2924 serenissima,
1952 2853 2023 2906 vti
2061 2865 2193 2921 quo—

1161 2944 1163 2946 ·
2087 2949 2188 3007 que
