2342 3554
478 306 602 366 434
852 285 1698 348 DESCRIPTIO

679 442 930 512 Opercuia
976 441 1321 495 branchiarum
1366 443 1659 497 membrana
1686 479 1702 506 ‚
1751 437 2029 510 marginem
2074 437 2155 495 ina?

480 527 723 582 vestiente
761 567 776 593 ‚
812 541 862 580 et
905 533 1041 595 (upra
1089 543 1267 597 pinnae
1313 525 1574 595 pediornlis
1618 524 1748 578 basin
1793 525 1842 576 iu
1890 529 2154 594 triangula-

483 630 594 668 rem
640 612 862 666 lobulum
902 624 1119 663 exeunte
1165 613 1305 665 aucta
1331 651 1345 678 ‚
1388 611 1712 682 inferioreque
1757 609 1998 680 marginis
2042 626 2157 680 par-

483 711 535 750 te
578 697 709 749 ciliis
750 699 893 749 oiseis
936 694 1238 765 exasperata.

680 819 853 874 Malae
894 836 950 872 os
994 819 1174 891 (quod
1217 824 1368 878 etiam
1413 824 1561 887 altera
1606 821 1753 877 alteri
1818 815 2164 892 superincumd

484 905 608 960 bens
651 907 871 974 operculi
918 904 1102 957 lamina
1146 905 1305 976 pofl‘et
1351 913 1632 979 nominari)
1680 908 1739 962 ad
1783 907 1944 975 ang-uli
1991 904 2165 976 postici

484 990 776 1058 marginem
847 989 1110 1045 denticulis
1182 991 1249 1043 est
1316 993 1622 1048 iustrucffiim.
1754 992 1941 1046 Pariter
2004 993 2163 1043 etiam

485 1089 667 1143 margo
706 1072 926 1125 laminae
968 1073 1098 1126 istius
1140 1076 1300 1130 ofleae
1328 1118 1345 1145 ‚
1411 1080 1630 1132 orbitam
1678 1078 1803 1130 inter
1843 1092 1901 1129 ac
1939 1076 2035 1128 oris
2075 1089 2165 1126 an-

485 1159 657 1228 gulum
703 1156 929 1210 deflexae
960 1197 976 1227 ,
1024 1159 1288 1213 denticulis
1327 1177 1545 1216 armatus
1585 1163 1672 1213 est.

685 1281 887 1335 Ostium
919 1320 934 1346 ‚
981 1285 1044 1335 ad
1089 1283 1351 1338 branchias
1395 1297 1569 1357 patens
1596 1323 1611 1351 ‚
1659 1283 1865 1351 longum
1913 1274 2166 1352 quidem{

486 1364 560 1421 ast
601 1364 864 1434 angustum
909 1366 1076 1419 valde.

685 1489 984 1545 Membrana
1029 1489 1431 1563 branchiostega‚
1475 1492 1507 1546 fi
1555 1508 1677 1565 quae
1721 1492 1878 1546 forfiin
1923 1491 2070 1558 adest,
2113 1492 2167 1546 in

487 1573 813 1645 conspmstum
859 1591 958 1626 non
1003 1577 1173 1647 cauit;
1243 1593 1304 1628 an
1351 1579 1433 1631 sub
1475 1579 1623 1631 denso
1667 1577 1799 1646 isto,
1866 1577 2000 1647 quod
2042 1579 2170 1631 inter

489 1661 656 1715 malae
700 1661 797 1712 osia
840 1657 1180 1729 conspicitur,
1224 1660 1534 1731 squamarum
1583 1663 1732 1717 strato
1774 1657 2073 1716 recondita?

688 1781 940 1857 Squamae
979 1785 1126 1838 dense
1166 1785 1412 1841 confertae
1457 1804 1515 1841 ac
1561 1787 1774 1852 molles,
1843 1799 2007 1842 totum
2066 1802 2170 1841 non

489 1868 654 1925 solum
700 1886 922 1940 corpus,
984 1869 1061 1924 sed
1105 1882 1155 1922 et
1195 1886 1378 1924 omnes
1434 1875 1608 1944 capitis
1675 1887 1870 1944 parteS,
1944 1872 2173 1942 exceptis

494 1952 651 2006 solum
700 1954 838 2008 labiis
883 1953 1132 2022 oculisque
1161 1996 1175 2020 ‚
1230 1967 1390 2006 totam
1437 1956 1533 2007 fere
1576 1959 1657 2007 ani
1700 1959 1905 2023 pinnam
1934 1998 1947 2017 ,
2018 1969 2074 2006 vt
2119 1964 2174 2005 et

496 2035 663 2101 dorsi,
738 2039 956 2098 caudae,
1021 2035 1460 2105 pedioraliumque
1529 2038 1792 2106 pinnarum
1859 2037 1987 2090 basin
2029 2035 2175 2088 obte-

498 2131 665 2190 guut;
734 2118 992 2170 maximae
1059 2119 1198 2187 super
1236 2130 1386 2187 caput
1414 2158 1430 2184 ‚
1503 2119 1848 2172 branchiarum
1895 2119 2131 2188 opercula
2162 2162 2177 2188 ‚

500 2203 664 2256 malae
708 2198 807 2253 offa
850 2216 906 2253 ac
952 2201 1250 2252 anteriorem
1297 2201 1524 2270 corporis
1566 2214 1794 2273 partem,
1838 2202 2172 2272 posteriorem

500 2286 661 2338 versus
702 2297 871 2337 autem
918 2282 1086 2336 sensim
1135 2283 1388 2342 minores,
1453 2301 1576 2355 quae
1621 2286 1671 2339 iu
1718 2287 1883 2356 pinnis
1926 2285 2070 2350 sunt,
2124 2300 2178 2341 et

501 2368 786 2441 praesertim
835 2369 886 2419 in
932 2369 1010 2419 ani
1065 2368 1211 2439 pinna
1242 2408 1257 2434 ‚
1322 2369 1549 2423 omnium
1621 2369 1882 2422 minimae.
2017 2368 2174 2424 Linea

502 2449 874 2522 longitudinalis
943 2466 1013 2502 ex
1055 2452 1234 2521 angulo
1278 2453 1500 2523 operculi
1544 2453 1891 2508 branchiarum
1934 2453 2183 2525 superiore

505 2538 746 2609 prodiens
773 2577 788 2603 ,
834 2535 1194 2607 modicumque
1237 2537 1514 2591 describens
1554 2554 1721 2591 arcum
1749 2580 1763 2606 ‚
1829 2541 2077 2611 posticum
2123 2555 2181 2594 ac

505 2619 791 2690 supremum
840 2619 1100 2688 maculae,
1140 2621 1194 2672 in
1236 2623 1407 2674 medio
1444 2638 1659 2693 corpore
1701 2622 1816 2675 sitae
1844 2666 1856 2687 ,
1898 2622 2179 2692 marginem

510 2704 639 2775 petit
665 2745 681 2770 ‚
749 2701 866 2753 inde
928 2703 1137 2756 rectiore
1183 2704 1261 2756 via
1291 2743 1307 2771 ‚
1347 2705 1536 2776 leuique
1602 2718 1772 2759 tamen
1820 2707 1902 2761 iub
1947 2708 2139 2761 asceuiu
2171 2747 2187 2774 ,

515 2802 607 2858 per
653 2785 880 2839 medium
926 2788 1156 2857 corporis
1194 2788 1408 2841 decurrit
1438 2831 1453 2861 ,
1508 2789 1756 2860 subitoque
1796 2793 1856 2845 ad
1898 2792 2047 2845 vuius
2088 2793 2179 2844 cir-

511 2872 638 2925 citer
683 2870 844 2925 iineae
888 2869 1198 2927 altitudinem
1243 2872 1417 2927 sursum
1458 2874 1674 2945 inflexa,
1718 2873 1816 2929 leui
1864 2874 1944 2929 sub
1985 2872 2182 2928 descen·

2085 2956 2181 3031 su,
