2342 3554
456 250 541 319 78
743 241 898 303 DE
977 237 1902 304 RESOLVTIONE

456 397 624 471 sicque
668 397 859 470 semper
896 409 977 453 tot
1015 397 1304 453 obtinentur
1345 397 1525 452 radices
1548 437 1563 465 ‚
1616 406 1741 468 quot
1783 410 2044 468 exponens
2082 407 2135 466 n,

456 486 542 559 qui
584 485 884 557 aequ-ationis
922 484 1130 555 gradum
1175 483 1422 553 designat,
1465 482 1691 535 continet
1733 483 1964 536 vnit-ates.

667 649 762 702 14.
826 634 920 688 His
983 635 1130 705 igitur
1195 630 1502 704 argumentis
1568 647 1699 685 noua
1743 631 1867 685 haec
1910 630 2139 685 radicum

455 719 624 775 forma
665 721 766 773 iam
812 720 873 772 ad
916 718 1169 772 summum
1216 716 1580 787 probabilitatis
1619 716 1689 767 est
1731 715 1949 784 euesta3
1995 720 2144 782 atquc

459 808 520 859 ad
566 805 773 875 plenam
816 803 1171 856 certitudinem
1216 800 1576 853 ostendendam
1616 797 1749 850 nihil
1792 797 1925 849 aliud
1983 796 2148 866 requi-

459 889 581 944 ritur
608 926 623 944 ‚
694 886 784 940 nisi
827 899 885 939 vt
927 886 1095 956 regula
1138 885 1454 947 inueniatur,
1522 882 1656 934 cuius
1697 896 1797 951 ope
1846 895 1941 952 pro
1980 879 2149 950 quouis

458 971 754 1045 aequatione
795 970 1054 1040 proposita
1100 968 1187 1021 ista
1229 967 1392 1022 forma
1432 964 1627 1018 definiri
1654 1008 1670 1033 ‚
1736 976 1788 1016 et
1855 961 2150 1017 coefficien-

463 1067 538 1110 tes
592 1044 681 1132 ἓξ,
721 1047 824 1131 Q!
866 1045 950 1130 Ε,
992 1045 1069 1120 Q
1121 1066 1222 1105 etc,
1295 1066 1414 1105 cum
1483 1050 1750 1119 quantitate
1815 1063 1853 1100 v
1925 1045 2151 1117 affignari

460 1151 679 1213 queant,
743 1139 879 1210 quod
925 1138 960 1190 fi
1015 1136 1260 1207 praestare
1331 1134 1618 1206 poffemus,
1695 1131 1989 1185 haberemus
2050 1132 2149 1186 sine

465 1222 621 1278 dubio
673 1222 957 1292 generalem
1025 1222 1262 1275 omnium
1332 1221 1685 1288 aequationum
1724 1215 2104 1274 resolutionem
2138 1250 2154 1279 ,

463 1305 611 1362 irrito
651 1307 808 1360 adhue
849 1306 1085 1359 omnium
1129 1303 1525 1361 Geometrarum
1602 1302 1774 1354 labore
1843 1299 2149 1369 requisitam.

466 1387 651 1460 Neque
697 1389 841 1460 igitur
880 1390 1117 1459 equidem
1162 1401 1361 1443 tantum
1407 1386 1539 1440 mihi
1580 1385 1745 1439 tribuo
1773 1428 1788 1452 ,
1829 1398 1885 1437 vt
1927 1383 2052 1436 hanc
2077 1396 2156 1434 re-

468 1474 638 1544 gulam
684 1490 768 1527 me
814 1473 1038 1527 inuenire
1082 1475 1217 1544 posse
1260 1472 1511 1541 credam‘,
1587 1470 1668 1523 sed
1735 1481 1995 1522 contentus
2061 1480 2153 1520 ero

469 1560 619 1623 plene
663 1557 1056 1613 demonstrasse,
1099 1559 1335 1609 omnium
1383 1556 1738 1624 aequationum
1788 1554 1969 1605 radices
2011 1563 2155 1602 certo

469 1637 520 1691 in
565 1637 662 1691 hac
705 1641 866 1690 forma
909 1639 1001 1690 effe
1042 1649 1322 1689 contentas.
1458 1636 1575 1688 Hoc
1621 1646 1789 1687 autem
1836 1633 1935 1687 fine
2002 1633 2155 1687 dubio

469 1723 745 1796 plurimum
792 1722 993 1775 luminis
1030 1721 1361 1774 foenerabitur
1404 1720 1464 1773 ad
1507 1719 1863 1785 resolutionem
1908 1717 2162 1789 aequatio-

470 1824 594 1862 num
625 1850 639 1876 ,
700 1821 817 1858 cum
886 1820 1086 1873 cognita
1141 1807 1369 1857 radicum
1415 1820 1529 1855 vera
1572 1803 1734 1854 forma
1780 1802 1861 1853 via
1899 1803 2160 1872 inuestiga-

471 1893 622 1944 tionis
667 1905 775 1941 non
816 1889 1136 1940 mediocriter
1201 1886 1393 1939 facilior
1438 1886 1711 1952 reddatur,
1761 1900 1930 1951 ,quam
1974 1900 2035 1937 ne
2082 1886 2161 1936 in·-

471 1975 609 2045 gredi
677 1975 879 2043 quidem
946 1971 1058 2026 licet
1085 2011 1103 2039 ,
1172 1986 1325 2042 quam
1386 1969 1470 2023 diu
1521 1968 1678 2022 forma
1739 1968 1956 2021 radicum
2014 1968 2159 2022 fuerit

472 2059 747 2131 incognita.

683 2200 773 2254 15.
820 2187 1117 2259 Quanquam
1163 2194 1331 2237 autem
1379 2198 1445 2236 ex
1491 2183 1590 2253 ipsa
1634 2183 1923 2252 aequatione
1967 2191 2166 2251 propo·

477 2270 566 2322 sita
609 2273 750 2323 nobis
793 2272 951 2322 adhuc
995 2286 1098 2320 non
1138 2269 1254 2321 licet
1299 2270 1513 2320 radicem
1560 2267 1680 2330 ei-us,
1727 2268 1801 2318 (eu
1827 2264 2164 2319 coefficientes

485 2344 569 2428 ‘³21'
616 2348 714 2429 ᾖδ’
761 2346 842 2429 ΕΙ
885 2346 960 2419 Q
1006 2366 1104 2407 etc.
1152 2369 1267 2404 cum
1311 2353 1572 2422 quantitate
1619 2367 1654 2404 v
1682 2351 1948 2420 {singu-are,
1992 2339 2161 2403 tamen

484 2441 843 2492 demonstratio
887 2438 1110 2490 veritatis
1150 2453 1305 2506 aeque
1383 2436 1610 2488 succedet
1636 2478 1652 2502 ,
1718 2434 1752 2488 si
1819 2433 2028 2488 viciffim
2094 2445 2163 2485 ex

485 2519 698 2574 assumta
742 2523 904 2574 radice
934 2522 1077 2574 illam
1123 2522 1478 2591 aequationem
1511 2556 1523 2575 .
1562 2520 1701 2572 cuius
1744 2519 1810 2572 est
1850 2518 1988 2570 radix
2015 2557 2029 2584 ,
2071 2515 2165 2568 eli·

446 2607 692 2658 ⁴ciamus.
779 2605 915 2658 Haec
957 2621 1121 2660 autem
1167 2604 1399 2676 aequatio
1443 2602 1595 2655 libera
1638 2601 1728 2657 esse
1770 2603 1920 2656 debet
1960 2617 1987 2654 a
2024 2599 2167 2671 signis

490 2714 778 2771 radicalibus
832 2691 909 2782 1⁷7,
952 2716 1187 2785 quoniam
1231 2711 1570 2782 aequationeS,
1613 2729 1822 2782 quarum
1865 2712 2047 2765 radices
2087 2708 2166 2761 in-

492 2800 818 2871 vestigantur,
858 2814 928 2851 ex
972 2802 1195 2854 terminis
1240 2797 1564 2852 rationalibus
1608 2797 1829 2852 constare
1873 2793 2046 2850 assumi
2091 2791 2171 2844 so-

2035 2875 2155 2933 lent.
