2342 3554
427 320 1488 395 METEOROLOGmAE.
1667 351 1829 408 407·

117 506 214 562 que
268 489 371 544 dies
414 487 555 560 ipse,
617 501 672 542 et
737 485 926 560 aliquot
978 481 1330 542 antecedentes
1373 485 1515 556 dies,
1585 486 1796 561 sequen-

119 587 192 629 tes
255 588 382 628 vero
444 586 584 629 erant
652 573 806 627 nubili
869 584 921 625 et
964 572 1134 627 niuofi.
1225 570 1419 625 Ventus
1458 584 1563 626 erat
1607 574 1795 642 nullm,

118 661 194 713 vti
237 675 437 732 quoque
481 675 569 731 per
614 651 749 713 diem
776 699 792 728 ,
858 658 995 728 quod
1039 656 1390 730 insignioribus
1436 653 1636 729 frigoris
1686 674 1798 729 gra-

119 745 262 799 dibus
305 743 627 800 existentibus
679 743 791 798 fieri
854 754 914 796 vr
975 743 1258 815 plurimum
1327 741 1468 796 solet.
1600 741 1800 798 Diebus

119 829 312 884 duobus
356 828 758 884 antecedentibus
812 841 991 882 ventus
1055 828 1228 883 leniter
1293 842 1362 880 ex
1432 826 1630 883 oriente
1697 827 1804 899 spi-

118 914 255 968 rabat
302 956 317 982 ,
394 913 699 985 sequentibus
780 928 902 968 vero
995 913 1248 985 proximis
1314 927 1384 966 ex
1451 910 1508 967 S.
1574 926 1624 967 et
1693 911 1797 967 W.

119 995 319 1054 Gradus
385 998 581 1066 frigoris
620 1002 744 1053 inter
782 999 964 1054 horam
1016 1013 1069 1051 2.
1112 1011 1164 1051 et
1213 1011 1266 1061 3.
1318 1013 1369 1069 p.
1422 1014 1498 1052 m.
1571 996 1801 1052 obserua-

118 1094 194 1135 tus
233 1094 337 1134 erat
385 1090 494 1139 188
528 1126 544 1152 ‚
603 1085 829 1156 adeoque
894 1081 1170 1154 differentia
1233 1084 1412 1138 diurna
1478 1095 1671 1138 tantum
1741 1100 1800 1148 9.

117 1162 326 1219 Constat
373 1166 507 1215 enim
535 1198 551 1228 ‚
613 1166 647 1217 fi
694 1181 890 1220 caetera
935 1167 1025 1220 fint
1072 1169 1243 1238 paria,
1309 1168 1414 1221 duo
1483 1167 1800 1238 potiffimum

118 1247 380 1304 interuallo
429 1262 524 1313 24.
574 1245 814 1301 horarum
857 1248 952 1299 effe
985 1261 1248 1319 tempora,
1285 1251 1459 1319 quibus
1481 1250 1614 1304 calor
1635 1253 1800 1304 maxi-

120 1350 236 1389 mus
277 1346 325 1386 et
367 1333 607 1387 minimus
647 1333 944 1403 contingere
991 1329 1132 1386 solet.
1242 1328 1446 1386 Scilicet
1490 1333 1626 1387 calor
1698 1335 1800 1388 mi-

119 1419 316 1487 nimu5‚
352 1417 443 1472 'seu
484 1414 628 1488 frigus
673 1419 995 1484 maximum,
1040 1416 1325 1487 regulariter
1367 1417 1452 1471 sub
1495 1417 1606 1470 solis
1632 1429 1800 1475 ortum

121 1505 215 1559 effe
257 1502 378 1557 solet
403 1546 418 1572 ,
483 1501 656 1556 crescit
697 1502 814 1555 dein
869 1498 1009 1554 calor
1053 1516 1157 1556 non
1206 1499 1366 1555 solum
1414 1501 1477 1557 ad
1529 1502 1799 1559 meridiem

119 1602 306 1660 vsque,
349 1602 451 1658 quo
495 1586 608 1639 solis
649 1583 865 1639 altitudo
912 1584 1139 1641 maxima
1181 1587 1295 1657 effe,
1318 1587 1540 1660 adeoque
1565 1588 1812 1645 maxime.

118 1671 380 1726 calefacere
426 1668 583 1738 solet,
630 1669 710 1726 sed
751 1669 853 1725 fere
893 1671 956 1724 ad
1000 1669 1055 1723 h.
1103 1688 1159 1739 3.
1216 1688 1269 1743 p.
1340 1678 1415 1725 m.
1482 1687 1584 1744 quo
1644 1672 1802 1728 rursus

119 1754 356 1810 decrescit
399 1754 679 1827 regulariter
706 1796 722 1824 ,
791 1755 876 1809 nifi
917 1754 1100 1810 diuersa
1143 1755 1415 1827 tempestas
1478 1757 1672 1815 obstet.
1735 1758 1798 1813 ad

119 1840 228 1895 solis
268 1853 437 1896 ortum
480 1839 578 1894 diei
624 1840 881 1912 sequentis.
990 1841 1131 1895 Haec
1173 1843 1304 1895 ratio
1346 1843 1419 1897 est
1449 1882 1464 1910 ‚
1502 1858 1590 1896 cur
1633 1843 1799 1899 obser·

120 1926 349 1980 vationes
390 1925 829 1979 thermometricae
876 1925 1068 1978 nostrae
1112 1941 1263 1981 mane
1309 1926 1398 1980 fint
1440 1927 1682 1980 institutae
1749 1941 1800 1980 et

117 2009 230 2080 post
272 2010 533 2063 meridiem
580 2008 708 2059 inter
753 2008 809 2060 h.
860 2024 917 2062 2.
966 2022 1016 2060 et
1061 2023 1123 2070 3.
1239 2009 1426 2081 Quodsi
1473 2026 1604 2062 vero
1647 2025 1799 2064 mane

118 2109 225 2146 non
267 2093 361 2148 fint
403 2091 597 2157 saetae,
642 2091 795 2145 noete
840 2090 893 2145 h.
945 2108 1036 2145 11.
1075 2091 1259 2147 institui
1291 2108 1399 2162 eaS‚
1439 2108 1542 2164 quo
1565 2108 1802 2165 tempore

120 2176 415 2248 plerumque
450 2176 622 2244 gradus
666 2174 770 2226 iam
816 2175 1057 2230 obseruari
1103 2177 1252 2244 solet,
1280 2177 1360 2248 qui
1385 2177 1552 2247 gradui
1580 2178 1661 2230 (ub
1685 2178 1804 2232 solis

118 2271 288 2315 ortum
331 2258 399 2313 est
437 2258 578 2329 saepe
602 2257 845 2328 aequaliS,
886 2271 969 2312 aut
1011 2261 1256 2331 proxime
1298 2262 1360 2316 ad
1402 2276 1520 2317 eum
1544 2262 1754 2317 accedit.

325 2425 483 2486 Calor
526 2427 783 2486 maximus
826 2446 930 2499 97.
974 2423 1104 2486 Iunii
1155 2445 1249 2500 24.
1292 2430 1423 2488 inter
1483 2430 1664 2489 horam
1731 2432 1798 2489 ίὲ-

122 2515 338 2571 cundam
383 2526 432 2571 et
475 2517 671 2571 tertiam
718 2529 771 2589 p.
820 2534 893 2570 rn.
936 2516 1219 2572 obseruatus
1262 2517 1343 2574 sub
1401 2514 1536 2573 hisce
1577 2523 1799 2574 circum-

124 2600 305 2655 stantiis
343 2601 549 2658 acciditz
636 2596 697 2655 In
740 2599 840 2655 sole
884 2601 1316 2658 thermometrum
1361 2602 1656 2660 monstrabat
1701 2611 1796 2662 88.

120 2696 179 2738 vt
222 2686 354 2740 adeo
393 2683 674 2741 differentia
716 2684 844 2740 inter
886 2686 1314 2744 thermometrum
1357 2685 1447 2746 soli
1481 2690 1793 2764 expofitum,

120 2780 173 2823 et
216 2769 637 2826 thermometrum
686 2771 736 2824 in
795 2772 971 2826 vmbra
1035 2774 1341 2829 collocatum
1401 2776 1546 2830 filerit
1609 2791 1796 2829 nouem
1874 2840 1883 2848 ⁸

119 2852 382 2926 graduum.
470 2854 558 2909 De
601 2857 695 2911 hac
739 2854 1018 2912 differentia
1071 2861 1350 2915 notandum
1397 2862 1466 2914 est
1493 2903 1509 2927 ,
1551 2875 1667 2913 eam
1709 2858 1798 2912 ad-

121 2939 342 2996 modum
387 2940 608 3013 variari,
648 2940 766 2996 licet
807 2953 971 2998 totum
1014 2943 1218 3000 coelum
1261 2944 1533 3017 aequaliter
1576 2942 1796 2996 serenum

1539 3027 1798 3098 videatur,
