2342 3554
507 298 627 367 463
908 285 1735 363 DESCRIPTIO

510 445 717 501 teriores
754 443 1011 501 craffiores
1054 462 1112 501 ac
1152 446 1432 517 longiores,
1481 443 1785 516 insequentes
1827 444 2076 502 tenuiores
2116 461 2177 504 ac

514 530 766 586 breuiores
807 531 978 584 senfim
1023 531 1175 601 fieti,
1229 530 1514 600 simpliceS,
1578 529 1906 600 posteriorum
1973 533 2180 603 quidam

513 615 838 672 intermedios
878 615 1190 688 longitudine
1230 631 1414 689 parum
1455 614 1730 687 superantes
1767 629 1824 669 ac
1892 615 2177 674 subramofi.

709 785 866 841 Pinna
908 783 1031 854 ani,
1074 783 1250 840 dorfiili
1293 784 1493 840 breuior
1530 783 1684 858 longe
1708 827 1724 855 ‚
1775 784 2031 842 radiorum
2088 803 2186 844 no-

512 870 774 925 vendecim
801 912 818 939 ,
855 885 1074 941 quorum
1118 871 1388 925 unteriores
1431 871 1648 925 maiores
1686 868 1879 941 reliquis
1903 912 1920 939 ,
1974 871 2187 938 (nmili-

512 953 599 1009 bus
642 967 812 1009 tamen
856 955 908 1007 in
949 952 1122 1008 dorsali
1166 955 1315 1026 pinna
1355 952 1618 1028 minores)
1663 955 1950 1010 intermedii
2016 956 2189 1010 mino·

508 1055 588 1093 res
669 1038 964 1110 posteriores
1010 1038 1207 1094 mediae
1251 1040 1633 1110 magnitudinis,
1674 1041 1739 1097 de
1781 1039 1970 1111 reliquo
2013 1053 2192 1098 autem*

510 1123 734 1177 eiusdem
773 1139 892 1178 cum
936 1123 1202 1178 dorsalibus
1251 1123 1681 1180 conformationis,
1793 1123 2058 1179 Accedunt
2120 1124 2186 1180 ad

511 1205 713 1260 initium
759 1207 899 1261 huius
947 1209 1133 1278 pinnae
1174 1209 1360 1278 pariter
1396 1208 1550 1260 aculei
1591 1212 1694 1259 duo
1746 1205 1962 1261 distineri
1988 1249 2004 1275 ‚
2066 1222 2189 1276 per·

512 1288 693 1344 breues
717 1330 736 1358 ,
778 1291 1038 1344 dorsalibus
1076 1290 1174 1344 istis
1214 1292 1439 1344 minores
1468 1306 1484 1359 ;
1525 1290 1741 1343 anterior
1777 1289 1846 1340 ob
1887 1287 2188 1360 p'aruitatem

509 1371 650 1428 suam
697 1373 787 1427 vix
830 1371 1205 1441 conspiciendus
1233 1414 1249 1439 ,
1295 1373 1533 1442 posterior
1576 1371 1738 1441 “paulo
1779 1371 1961 1426 maior.
2051 1367 2188 1427 Cae-

513 1467 677 1510 terum
722 1457 902 1526 pinnae
945 1453 1088 1508 huius
1126 1453 1239 1508 finis
1283 1456 1436 1525 paulo
1476 1455 1675 1524 longius
1713 1472 1743 1510 a
1784 1455 1969 1529 pinnae
2004 1457 2186 1515 caudae

511 1538 660 1594 initio
699 1539 842 1594 distat
866 1578 884 1609 ,
925 1554 1078 1611 quam
1119 1537 1229 1593 finis
1267 1540 1450 1611 pinnae
1489 1538 1640 1595 dorsi.

709 1706 868 1762 Pinna
910 1708 1093 1764 caudae
1139 1706 1383 1780 profunde
1421 1708 1601 1764 bifurca
1626 1752 1641 1779 ,
1683 1707 1866 1763 caudae
1911 1708 2192 1787 plagiopla·

511 1800 624 1847 reae
667 1791 970 1848 verticaliter
1013 1793 1182 1849 insistit
1209 1834 1224 1861 ‚
1269 1808 1481 1866 eamque
1523 1810 1590 1848 ex
1632 1807 1770 1868 parte
1811 1797 2003 1867 excipit
2028 1840 2045 1868 ,
2111 1813 2188 1852 ra-

517 1876 612 1929 diis
654 1877 852 1932 circiter
895 1877 1099 1950 triginta
1138 1889 1350 1950 quatuor
1391 1878 1671 1949 composita
1698 1920 1713 1947 ,
1754 1894 1970 1951 quorum
2037 1895 2188 1937 exte-

513 1960 670 2013 riores
710 1961 960 2030 vtrimque
1002 1961 1165 2016 lateris
1231 1962 1461 2015 omniurn
1505 1962 1771 2015 breuiffimi
1799 1999 1815 2027 ‚
1881 1980 1952 2017 ex
2005 1968 2185 2021 ordine

515 2053 689 2094 tamen
731 2042 981 2111 longiores
1005 2084 1021 2110 ,
1064 2043 1313 2113 simplices
1337 2078 1352 2108 ‚
1398 2043 1680 2116 superantur
1722 2060 1751 2098 a
1796 2047 2048 2115 proximis
2112 2052 2187 2105 se-

516 2125 778 2195 quentibus
805 2167 820 2192 ,
866 2127 1095 2180 omnium
1139 2124 1429 2195 longiffimis
1452 2168 1470 2193 ‚
1508 2125 1794 2180 subramofis
1817 2169 1831 2193 ,
1880 2127 2056 2198 hisque
2098 2148 2187 2187 ce-

516 2207 640 2261 dunt
681 2208 1002 2277 intermedii,
1050 2224 1119 2262 ex
1162 2208 1338 2262 ordine
1361 2250 1376 2277 ,
1418 2208 1478 2262 ad
1522 2210 1750 2266 medium
1789 2210 1979 2288 pinnae
2014 2230 2184 2291 vsque,

513 2290 687 2351 sensim
731 2293 981 2352 breuiores
1018 2291 1133 2350 faeti
1158 2334 1175 2367 ‚
1217 2291 1364 2349 valde
1404 2292 1606 2351 ramofi.

1931 2969 2182 3032 Mensura.
