2342 3554
433 314 996 378 THERMOM.
1066 313 1524 373 METALL.
1679 331 1800 387 307

311 470 485 545 Quum
531 472 786 526 inuentum
832 467 935 522 hoc
978 464 1289 539 aptissimum
1332 465 1463 520 mihi
1526 466 1679 523 visum
1742 469 1797 524 fit
1852 520 1854 522 ,

128 555 192 611 ad
260 553 577 611 instituenda
614 555 960 626 experImenta
997 593 1013 623 ,
1073 552 1235 622 qualia
1306 551 1796 607 thermometrorum

129 640 230 700 huc
273 656 426 711 vsqne
472 640 768 694 vsitatorum
810 637 997 691 auxilio
1056 636 1241 690 institui
1301 635 1442 705 plane
1509 649 1791 707 nequeunt:

126 741 233 778 non
278 725 491 791 dubim,
537 725 643 779 fore
687 722 807 776 vtile
835 765 851 791 ‚
894 721 931 775 si
971 721 1275 794 peculiarem
1321 734 1372 774 et
1424 737 1609 774 nouam
1669 726 1799 774 eiua—

129 810 273 864 modi
315 809 618 864 instrumenti
661 807 932 862 describam
977 805 1398 861 constructionem
1442 823 1469 859 a
1518 820 1601 858 me
1646 820 1803 860 exco-

129 894 341 965 gitatam
368 937 382 962 ‚
424 896 564 947 cuius
606 890 1013 964 imperfec‘tiones
1037 933 1052 959 ,
1090 890 1265 963 quibus
1306 888 1468 943 adhuc
1516 888 1673 942 forfim
1724 889 1801 944 la·-

130 977 273 1032 borat
298 1019 314 1044 ,
356 979 587 1032 reiterata
634 981 987 1048 experimenta
1019 1019 1033 1045 ‚
1087 992 1206 1030 cum
1249 974 1352 1029 hoc
1394 973 1500 1046 ipso
1544 974 1758 1027 instituta
1783 1017 1801 1043 ,

127 1061 183 1113 im
231 1073 399 1112 totum
441 1061 639 1113 tollent.
751 1062 1215 1115 Tliermometrum
1274 1074 1399 1113 vero
1443 1057 1543 1112 hoc
1586 1057 1801 1111 metalli·

123 1156 243 1194 cum
284 1156 402 1192 eum
448 1143 503 1193 in
548 1143 705 1194 finem
759 1154 1072 1213 componere
1127 1158 1331 1198 conatus
1371 1143 1474 1196 sum
1501 1178 1517 1210 ‚
1582 1154 1640 1195 vt
1685 1156 1802 1210 pat--

120 1223 217 1276 tim
265 1222 450 1295 puncta
494 1224 599 1277 duo
638 1225 909 1278 constantia
953 1226 1005 1276 in
1048 1228 1235 1278 eodem
1282 1226 1611 1277 determinare
1642 1264 1656 1290 ,
1682 1239 1804 1293 par-

122 1308 220 1361 tim
267 1309 449 1362 caloris
489 1307 668 1380 gradus
695 1349 710 1376 ,
765 1308 1004 1362 mercurii
1059 1309 1336 1362 ebullientis
1380 1308 1587 1379 gradum
1645 1307 1798 1378 longe

120 1389 441 1461 superantes,
506 1408 599 1446 nec
642 1409 746 1448 non
789 1393 938 1464 frigus
995 1390 1114 1448 illud
1149 1435 1166 1462 ‚
1231 1407 1333 1463 quo
1396 1391 1608 1446 fluidum
1678 1390 1800 1446 istud

121 1477 435 1532 metallicum
481 1477 643 1547 ipsum
687 1478 795 1532 coit
829 1517 849 1545 ,
915 1476 1086 1532 metiri
1128 1492 1398 1549 queamus:
1464 1477 1543 1531 cui
1590 1474 1681 1530 fini
1726 1475 1800 1530 fie-

122 1576 279 1633 quens
319 1561 622 1616 constructio
670 1560 939 1617 satisfaciet*
1816 1583 2051 1638 T,b‚.1v·

317 1643 634 1700 Conficiatur
672 1645 861 1700 lamina
914 1643 1069 1699 ferrea
1136 1642 1306 1700 ΑΒΕ
1320 1643 1376 1699 D
1401 1687 1416 1713 ‚
1455 1660 1513 1699 ac
1556 1643 1794 1715 prismata
1862 1653 1962 1716 Fig.
1998 1667 2049 1702 2·

120 1730 528 1801 quadrangularia
595 1727 645 1784 E
670 1771 686 1799 ‚
733 1729 773 1784 F
802 1768 819 1797 ,
866 1724 919 1783 G
946 1771 962 1798 ‚
1008 1730 1099 1795 Η,
1142 1728 1170 1786 Ι
1195 1770 1212 1796 ,
1254 1728 1303 1784 K
1328 1771 1344 1797 ,
1386 1743 1456 1782 ex
1523 1740 1738 1799 argento
1780 1770 1800 1799 ,

120 1830 336 1886 quorum
393 1814 621 1885 primum
691 1814 738 1868 E
778 1814 842 1867 ad
885 1811 932 1867 L
977 1814 1052 1867 bis
1119 1814 1430 1868 incuruatum
1459 1856 1477 1884 ,
1539 1813 1799 1867 mediante

115 1897 322 1952 cochlea
388 1914 424 1952 a
451 1932 469 1964 ‚
522 1896 754 1950 firmetur
828 1897 892 1950 ad
949 1897 1193 1950 laminam
1248 1899 1410 1951 modo
1477 1908 1798 1949 nomm-:itam

116 1978 370 2036 ABCD.
461 1980 548 2034 Ad
594 1995 670 2044 xy
716 1981 1024 2033 exscindatur
1067 1995 1251 2048 crena,
1294 1983 1430 2033 cuius
1472 1978 1798 2031 vsusinferius

115 2065 350 2139 patebit3
394 2065 562 2118 eidem
608 2062 818 2118 cochlea
861 2081 898 2118 a
940 2065 1252 2134 imponatur.
1395 2061 1570 2116 Altera
1624 2074 1800 2115 extre·

112 2150 264 2217 miras
304 2151 338 2204 b
378 2166 499 2204 cum
541 2149 690 2202 veae
734 2148 802 2203 bc
843 2148 1036 2203 articuli
1088 2163 1190 2219 ope
1253 2147 1590 2202 connectatur
1614 2185 1633 2217 ,
1703 2161 1798 2217 pa·

112 2233 157 2286 ri
203 2226 365 2285 modo
409 2248 467 2285 ac
511 2232 810 2301 prismatum
873 2231 914 2287 F
942 2271 959 2299 ‚
1004 2229 1058 2287 G
1085 2272 1100 2298 ,
1142 2230 1226 2299 H,
1269 2229 1338 2301 1,
1378 2231 1426 2286 K
1454 2267 1471 2299 ‚
1544 2230 1796 2284 extremi·

114 2325 246 2368 tates
285 2331 402 2369 cum
450 2314 671 2367 vectium
717 2315 1115 2368 extremitatibus
1156 2332 1185 2369 c
1208 2355 1225 2381 ,
1262 2315 1302 2368 d
1325 2356 1341 2384 ‚
1379 2332 1411 2370 e
1436 2356 1451 2384 ,
1481 2315 1533 2387 f
1554 2357 1570 2382 ‚
1594 2330 1675 2385 g,
1713 2310 1752 2369 h
1776 2354 1795 2384 ‚

110 2399 174 2465 i,
220 2399 289 2466 k,
332 2397 391 2463 l,
436 2413 501 2451 m.
582 2396 825 2451 Vectium
867 2412 987 2451 axes
1026 2413 1093 2465 0,
1137 2414 1200 2457 ο,
1237 2412 1263 2451 o
1290 2436 1302 2450 .
1337 2437 1351 2451 .
1380 2439 1395 2453 .
1437 2412 1535 2453 etc.
1576 2398 1797 2452 laminae

114 2481 300 2536 ferreae
345 2480 612 2553 infigantur
654 2497 749 2534 vna
797 2483 1121 2536 extremitate
1155 2525 1172 2551 ‚
1224 2481 1374 2537 altera
1416 2497 1583 2537 autem
1628 2480 1795 2536 vecii·

114 2565 203 2619 bus
245 2565 508 2620 inserantur
532 2608 548 2634 ‚
598 2568 667 2620 ita
711 2567 913 2637 quidem
940 2608 956 2635 ‚
1022 2579 1078 2620 vt
1131 2569 1260 2622 circa
1302 2566 1412 2621 illos
1450 2581 1793 2622 commouere

111 2647 205 2703 sese
246 2662 446 2723 queant.
531 2650 711 2704 Vltimi
756 2649 917 2705 vectis
957 2667 1070 2705 crus
1109 2654 1271 2708 maius
1307 2667 1376 2706 on
1430 2652 1607 2705 indicis
1672 2667 1793 2705 mu-

111 2747 231 2789 nere
275 2734 493 2806 fuugitur
527 2735 735 2807 cuspidis
774 2753 877 2809 ope
928 2752 960 2790 n
988 2778 1007 2804 ‚
1065 2735 1325 2793 diuifiones
1368 2738 1419 2791 in
1462 2735 1625 2790 limbo
1664 2735 1714 2790 Α
1740 2731 1789 2790 Β

112 2815 260 2873 fictas
298 2819 594 2875 denotantia
683 2820 834 2875 Hunc
875 2820 1093 2875 limbum
1133 2839 1201 2878 ex
1224 2821 1503 2877 aurichalco
1525 2835 1786 2891 compara·

112 2917 169 2958 te
210 2916 458 2979 oportet,
527 2916 585 2963 vt
628 2905 890 2962 diuisiones
938 2921 1007 2960 eo
1046 2909 1225 2962 melius
1264 2923 1322 2963 ac
1362 2904 1685 2962 commodius
1727 2901 1784 2954 in

1017 2989 1129 3065 Qq
1172 3008 1207 3044 2
1597 2985 1783 3042 eodem
