2342 3554
510 309 658 365 DE
743 301 1444 364 MERCVRIO.
1698 322 1810 378 385

170 474 261 528 per
302 457 458 528 ipsum
505 470 761 529 argentum
805 457 978 515 viuum
1007 497 1022 523 ,
1092 471 1161 508 ex
1208 455 1423 524 plumbo
1466 457 1584 512 dum
1628 476 1822 514 mercu-

170 543 301 595 rium
373 543 580 594 educere
645 553 850 595 conatur
877 581 892 609 ,
958 539 1274 609 eundemque
1315 556 1380 592 ex
1424 539 1596 595 stinno
1637 547 1819 598 eodem

168 626 472 678 adminiculo
514 620 772 678 extrahere
817 635 972 676 tentat
1013 664 1028 693 ‚
1071 622 1238 676 frustra
1274 623 1363 676 fuit
1403 623 1524 692 (k).

371 706 433 760 In
496 711 635 761 tertia
703 708 913 778 denique
980 708 1043 761 ad
1099 706 1340 778 sapientes
1381 705 1671 762 Brittannos
1715 709 1828 763 data

168 789 532 864 dissertatione,
580 791 884 845 mercurium
931 806 959 843 e
1002 792 1141 844 venis
1182 790 1418 845 eduistum
1459 792 1571 846 labe
1614 796 1829 864 quadam

165 876 478 946 inquinatum
505 916 522 944 ‚
573 876 649 930 ,ab
693 875 790 946 ipsit
832 874 1028 945 origine
1071 875 1140 929 illi
1179 887 1414 929 concreta
1456 876 1731 946 intimeque
1756 878 1832 930 in-

170 959 415 1012 olescente
444 995 458 1022 ,
523 959 584 1012 ab
641 959 925 1014 alchimistis
965 958 1097 1012 credi
1128 1002 1143 1028 ‚
1185 957 1416 1029 perhibet
1455 958 1828 1031 Boerhaavius,

169 1043 252 1110 qui
282 1083 296 1111 ,
359 1042 422 1094 ad
478 1054 703 1097 mentem
749 1043 948 1095 illorum
980 1084 995 1113 ⁷
1045 1043 1437 1097 defaecationem
1491 1044 1680 1114 impuri
1724 1044 1830 1097 feli-

168 1122 357 1174 cissime
399 1135 506 1174 tum
549 1126 756 1178 demum
803 1126 1025 1178 obtineri
1064 1127 1363 1186 crediderat,
1408 1129 1605 1198 quando
1648 1127 1834 1198 purisfi-

167 1205 267 1257 mis
308 1203 634 1274 corporibUS,
683 1206 788 1256 suae
832 1218 1036 1258 naturae
1081 1209 1353 1277 fimilibuS,
1397 1212 1714 1281 misceretur,
1760 1223 1837 1263 at-

167 1302 264 1356 que
307 1302 412 1356 ope
454 1286 577 1355 ignis
617 1287 732 1340 inde
772 1286 952 1339 iterum
995 1290 1309 1358 separeretur.
1397 1290 1600 1343 Miscuit
1625 1292 1838 1363 ideoque

167 1386 291 1425 auro
353 1369 668 1426 Mercurium
696 1414 711 1442 ‚
773 1371 1019 1442 totiesque
1084 1372 1195 1442 igne
1235 1371 1378 1427 illum
1423 1374 1541 1428 inde
1585 1391 1835 1444 auocanS,

1605 1459 1841 1514 constan·

1049 1609 1521 1633 ι-η-ᾓ--ω-

402 1613 609 1632 m

270 1704 396 1751 fecisse
431 1718 546 1750 extra
579 1722 701 1751 omne
735 1705 911 1753 dubium
949 1708 1128 1768 positum
1165 1709 1224 1751 est.
1296 1706 1463 1757 Baleius
1499 1706 1725 1755 Valentinus
1762 1726 1838 1761 ve-

270 1787 320 1816 ro
351 1774 513 1817 iuuenis
550 1772 654 1818 vidit
688 1770 879 1836 Belgium
912 1785 955 1816 et
988 1771 1205 1835 Angliam.
1241 1775 1436 1832 appendic.
1473 1776 1524 1818 ad
1538 1775 1658 1822 XII.
1696 1778 1836 1821 claues.

274 1852 405 1885 artem
444 1840 722 1882 cereuisiariam
758 1841 956 1899 optimam
991 1836 1050 1881 ibi
1085 1839 1267 1899 reperit:
1318 1834 1406 1883 Hac
1448 1854 1584 1885 autem
1637 1845 1839 1887 occasione

271 1900 397 1959 Isaaci
432 1901 621 1948 Hollandi
652 1918 769 1964 opera
805 1902 977 1955 vidisse,
1028 1916 1152 1965 atque
1184 1917 1238 1946 ex
1276 1902 1358 1947 illis
1395 1903 1624 1950 doctrinam
1657 1907 1709 1953 de
1764 1908 1840 1952 tri-

272 1966 344 2011 bus
379 1969 577 2026 principiis
614 1969 839 2020 retinuisse,
876 1967 1107 2010 verosimile
1139 1970 1224 2018 est,
1264 1971 1321 2010 ait
1352 1972 1459 2012 enim
1499 1972 1539 2013 in
1573 1972 1769 2015 coenobio
1801 1971 1839 2015 se

269 2046 322 2075 ex
359 2030 466 2075 libris
500 2030 705 2084 didicisse,
738 2031 893 2076 nullum
929 2030 1017 2074 licet
1047 2031 1249 2074 auctorem
1287 2031 1674 2087 citet;Hollandum
1715 2051 1840 2090 vero,

267 2094 409 2146 Basilio
462 2096 771 2158 antiquiorem,
821 2095 1042 2141 doctrinam
1099 2095 1152 2140 (ie
1185 2093 1313 2139 tribus
1347 2100 1550 2160 principiis
1584 2102 1841 2161 profitentem

190 2202 195 2207 .
278 2163 419 2206 videre
454 2160 545 2204 licet
564 2189 579 2214 ,
612 2176 733 2220 opera
761 2159 1007 2205 subtilissimi
1043 2159 1159 2205 huius
1192 2162 1362 2205 auctoris
1397 2163 1461 2207 v'el
1509 2160 1693 2226 fugitiuo
1725 2168 1842 2213 oculo

273 2224 530 2284 perlustranti.
616 2221 765 2285 Neque
795 2224 875 2268 hoc
911 2222 1099 2274 Paracelsz
1131 2225 1388 2286 temporibus
1426 2229 1711 2290 ignorabatur:
1767 2232 1842 2277 Se-

278 2291 436 2333 verinus
469 2285 610 2332 Dauus
643 2292 791 2332 etenim
826 2285 1050 2347 Epistolam
1086 2288 1136 2333 ad
1169 2286 1409 2344 Paracelsum
1428 2293 1576 2345 dedit,
1607 2310 1711 2357 quae
1730 2311 1845 2357 prae-

275 2355 358 2397 fixa
391 2356 512 2408 exstat
544 2352 730 2414 operibus
767 2349 989 2407 Pamcelsz',
1046 2352 1100 2397 ibi
1135 2355 1230 2397 citat
1265 2353 1435 2410 Isaacum
1487 2357 1723 2405 Hollandum
1767 2378 1841 2425 pro

276 2420 435 2464 auctore
471 2418 700 2480 disciplinae
734 2415 985 2463 Paracelsicae
1021 2433 1066 2465 et
1102 2417 1249 2463 laudat.

183 2479 277 2537 (i)
313 2481 497 2529 Meretur
528 2483 576 2528 ab
609 2482 798 2529 omnibus
830 2484 910 2546 legi
944 2486 1072 2529 oratio
1105 2499 1226 2547 quarn
1260 2483 1399 2531 habuit
1443 2494 1580 2541 1718.
1628 2489 1681 2535 de
1724 2489 1841 2537 Che-

283 2552 368 2594 mia
402 2564 563 2595 errores
603 2547 693 2595 suos
726 2564 1016 2612 expmgame,
1049 2547 1200 2594 illustris
1239 2553 1384 2610 auctor,
1427 2566 1645 2615 antequam
1660 2555 1709 2601 ad
1726 2573 1841 2620 egre.

279 2618 394 2677 gium
419 2646 434 2670 ,
465 2630 557 2676 prae
592 2619 788 2670 caeteris,
820 2615 895 2659 hoc
929 2613 1104 2660 studium
1140 2617 1316 2662 animum
1356 2616 1575 2681 adiungant
1606 2625 1774 2667 tirones.

185 2673 214 2733 (
230 2674 296 2744 k)
337 2679 466 2726 Miror
500 2677 565 2726 Cl.
605 2679 729 2739 Vogel
761 2684 1004 2726 mercurium
1028 2718 1040 2738 ,
1097 2683 1136 2725 in
1172 2681 1268 2726 oleo
1304 2679 1472 2727 Vitrioli
1509 2699 1734 2733 currentem
1768 2688 1843 2734 ad·-

285 2744 364 2790 huc
397 2749 590 2803 statuere,
627 2762 754 2811 atque
787 2745 940 2793 exinde
972 2746 1129 2809 pondus
1166 2748 1316 2808 insigne
1353 2749 1467 2794 huius
1499 2749 1603 2796 acidi
1646 2754 1841 2799 deriuare.

285 2809 333 2855 In
372 2813 490 2856 instit.
525 2811 697 2859 cbemic.
728 2819 761 2867 §.
797 2827 912 2867 413·
952 2826 996 2858 et
1062 2826 1172 2866 417.
1217 2812 1482 2875 pulcherrime
1530 2816 1622 2861 alias
1676 2818 1843 2863 chemica

288 2877 529 2921 meantem.

275 2960 543 3017 Tom.1X.
560 2960 702 3017 Nou.
719 2959 932 3017 Comm.
1247 2958 1294 3014 C
1319 2972 1347 3013 c
1373 2970 1400 3011 e
