2342 3554
508 326 625 378 ³40
1141 307 1321 388 aaa<
1363 310 1384 372 (
1428 323 1465 360 0
1509 310 1531 376 >
1573 299 1757 379 &3224

570 443 2105 534 ADDITAMENTVM

510 598 620 653 AD
689 597 1356 655 DISSERTATIONEM
1420 593 1524 649 DE
1603 589 2162 645 EXPERIMENTO

513 687 1014 759 MAGNEtho,
1079 690 1334 748 CELER.
1410 688 1540 745 DN.
1594 683 1701 740 ΒΗ
1744 680 1938 753 FAT,
1982 683 2164 739 con-

598 783 877 838 TINENS
924 785 1135 841 Nova
1180 778 1733 838 EXPERIMENTA
1779 775 2086 833 MAGNE‘

710 875 887 933 TICA
949 875 1312 935 DETECTA
1361 875 1463 932 ET
1521 869 1969 930 EXPLICATA.

1204 1046 1487 1102 Auc'tore

905 1186 971 1240 F.
1054 1187 1125 1240 V.
1214 1182 1284 1239 T.
1371 1180 1794 1238 ΑΕΡΙΝΟ.

659 1378 720 1414 oc
782 1360 1048 1431 praecipue
1114 1357 1349 1429 singulare
1415 1357 1597 1412 habent
1676 1357 1750 1408 vis
1824 1352 2047 1410 eledirica
2120 1372 2174 1409 et

702 1445 976 1512 magnetica
1004 1478 1019 1506 ‚
1091 1444 1223 1512 quod
1269 1441 1537 1509 persaepe,
1596 1438 2062 1510 phaenomenorum
2109 1441 2173 1493 ab

512 1529 625 1598 ipsis
692 1518 1023 1595 pendentium
1089 1534 1356 1593 apparente
1410 1527 1624 1592 quadam
1678 1522 2035 1589 inconstantia,
2090 1538 2173 1575 na-

518 1621 654 1662 turae
695 1609 1016 1660 scrutatorem
1084 1605 1405 1659 confundant.
1532 1602 1727 1656 Dantur
1795 1616 1981 1672 nempe
2044 1604 2179 1658 casus

516 1690 751 1762 plurimi,
795 1690 882 1741 vbi
922 1679 1058 1744 idem
1101 1690 1542 1757 experimentum,
1585 1685 1844 1756 aliquoties
1885 1688 2177 1758 repetitum,

518 1772 732 1826 diuersos
760 1812 777 1843 ,
843 1772 1014 1827 immo
1055 1771 1322 1825 ‘interdum
1371 1770 1588 1824 omnino
1633 1768 1905 1823 contrarios
1944 1770 2176 1842 producit

519 1856 719 1910 effectus
742 1893 757 1920 ,
823 1855 912 1908 etsi
956 1854 1038 1907 vel
1081 1853 1519 1925 perspicacissimus
1558 1852 1750 1906 nullam
1779 1892 1798 1921 ,
1861 1853 1914 1906 in
1982 1854 2178 1908 ratione

521 1953 774 1991 tentamen
818 1936 1140 2003 instituendi,
1204 1936 1437 2003 detegere
1483 1937 1645 1988 valeat
1698 1934 2176 1988 circumstantiarum

521 2021 812 2071 varietatem
842 2057 856 2083 ,
896 2033 1019 2086 quae
1062 2029 1199 2069 tanta
1242 2015 1359 2070 eflet
1393 2050 1409 2081 ‚
1472 2029 1530 2068 vt
1572 2015 1919 2085 producendae
1962 2015 2178 2070 mirabili

524 2102 638 2155 huic
683 2101 734 2152 in
777 2098 977 2152 successu
1021 2099 1292 2166 varietati,
1335 2114 1427 2169 par
1469 2098 1626 2150 videri
1669 2097 1844 2167 posset.

707 2189 790 2243 Ex
834 2206 934 2259 quo
978 2191 1228 2243 methodo
1269 2190 1601 2243 Newtoniana
1644 2189 1782 2242 binas
1823 2187 1962 2259 supra
2007 2192 2180 2245 nomi-

523 2286 660 2328 natas
701 2274 827 2324 vires
870 2274 1158 2326 examinare
1199 2273 1402 2340 incepi,
1473 2271 1616 2341 saepe
1661 2270 1790 2323 mihi
1830 2272 2041 2343 contigit
2071 2316 2086 2340 ,
2125 2287 2181 2327 vt

526 2356 989 2427 experimentorum
1019 2396 1033 2422 ,
1090 2355 1310 2408 miranda
1353 2355 1594 2407 eiusmodi
1638 2354 1962 2409 inconstantia
2007 2355 2181 2410 Philo-

527 2437 692 2508 sophis
731 2453 927 2490 crucem
973 2437 1237 2507 figentium
1270 2476 1286 2500 ,
1330 2437 1686 2491 enodationem
1734 2438 2000 2508 reperirem
2031 2481 2046 2508 ‚
2081 2440 2185 2494 cir-

529 2521 934 2589 cumstantiasque
979 2523 1267 2576 euoluerem
1295 2562 1309 2585 ,
1354 2537 1479 2591 quae
1525 2521 1868 2579 variabilitatis
1908 2522 2180 2577 effeRuum

528 2603 694 2658 causae
737 2603 991 2674 existunt,
1065 2605 1189 2674 sique
1231 2604 1369 2655 fateri
1410 2603 1528 2659 licet
1554 2646 1571 2676 ,
1601 2596 1605 2601 ’
1638 2606 1768 2675 quod
1813 2606 1967 2659 sentio
1996 2645 2014 2676 ,
2079 2605 2181 2661 hoc

533 2690 659 2740 inter
700 2688 955 2755 praecipua
1000 2688 1226 2739 theoriae
1269 2701 1412 2739 meae
1451 2689 1685 2756 praesidia
1731 2705 1981 2755 numeru,
2047 2692 2179 2760 quod

536 2768 759 2838 plurimis
828 2770 1070 2821 eiusmodi
1136 2768 1501 2836 phaenomenis
1566 2772 1827 2841 paradoxis
1888 2785 1995 2825 tam
2061 2786 2181 2842 apte

536 2850 830 2918 consentiat,
876 2864 962 2920 vt,
1001 2851 1037 2904 si
1078 2866 1178 2904 non
1221 2864 1316 2920 pro
1357 2851 1456 2921 ipsa
1502 2866 1703 2908 naturae
1747 2853 2042 2927 hypothesi,
2084 2871 2182 2924 pro

1975 2941 1979 2944 ’
2096 2937 2183 2991 tali
