2342 3554
428 255 889 321 AsTRoNoM.
949 261 1048 318 ET
1102 257 1540 322 METEOROL.
1686 276 1808 332 479
1850 313 1854 317 .

137 407 271 469 Solis
336 410 565 466 occasum
607 414 907 486 emefflonem
952 412 1113 467 stellae
1156 413 1218 467 ad
1264 414 1474 467 limbum
1516 411 1690 467 Lunae
1736 412 1808 470 lu-

137 499 311 551 cidum
354 499 512 570 probe
555 512 794 551 annotare
844 498 987 566 potui
1033 488 1109 549 8'2.
1149 496 1262 564 57'.
1296 497 1436 562 552'.
1501 507 1648 569 temp.
1692 512 1813 553 vero

132 582 305 656 astron.
351 598 451 653 quo
493 595 765 635 momento
810 581 984 646 stella,
1046 580 1258 652 figuram
1325 580 1489 636 disculi
1558 582 1811 651 referem,

131 665 300 718 limbo
344 665 514 720 Lunae
556 665 722 720 lucido
766 668 833 720 ita
876 665 1178 720 adhaerebat
1204 707 1218 732 ‚
1289 680 1346 720 vt
1406 664 1676 718 secundum
1723 683 1812 737 ap-

132 749 407 820 parentiam
454 751 503 803 in
547 749 699 803 Tubo
766 751 1063 814 (inuersam
1132 757 1364 822 nempe)
1417 765 1597 820 margo
1651 748 1814 803 stellae

134 833 452 886 occidentalis
493 833 711 886 limbum
753 833 926 888 Lunae
968 836 1262 889 orientalem
1305 845 1547 904 tangeret.
1644 833 1813 887 Tem-

134 932 225 987 pus
265 916 521 988 horologii
562 916 847 972 oscillatorii
895 936 986 989 per
1026 919 1307 973 altitudines
1351 916 1479 972 Solis
1505 960 1521 986 ‚
1562 933 1630 970 ex
1673 930 1812 989 parte

131 999 480 1071 respondentes
507 1044 521 1069 ,
567 1002 660 1055 rite
704 1003 985 1057 correstum
1033 1004 1119 1058 est.

332 1086 416 1135 D.
462 1101 552 1136 10.
593 1085 706 1140 Iulii
733 1087 792 1157 st.
843 1104 932 1141 nou
996 1105 1081 1143 an.
1122 1100 1300 1153 1757.
1330 1103 1419 1157 per
1445 1085 1650 1140 Tubum
1672 1080 1810 1140 Gre-

131 1166 395 1237 gorianum
440 1164 523 1218 sub
566 1182 802 1236 apparatu
828 1213 842 1236 ,
886 1188 988 1239 quo
1030 1174 1119 1226 iste
1188 1172 1384 1226 obieeta
1454 1185 1550 1235 52.
1623 1171 1810 1224 vicibus

129 1251 402 1304 secundum
453 1250 751 1302 diametrum
800 1263 986 1321 auget,
1057 1255 1310 1306 obseruaui
1354 1255 1651 1323 emezfionem
1708 1254 1808 1307 Sa·

131 1333 298 1390 tellitis
331 1332 524 1410 secundi
566 1350 633 1387 ex
678 1333 853 1387 vmbra
896 1336 1064 1391 Iouis,
1107 1338 1165 1389 ad
1213 1335 1495 1389 distantiam
1552 1352 1574 1389 a
1632 1339 1811 1407 proxi*

132 1436 226 1474 mo
273 1416 404 1471 Iouis
448 1418 609 1472 limbo
649 1419 899 1471 orientem
928 1418 1090 1471 versus
1127 1418 1251 1482 (situ
1278 1418 1479 1482 eresto)
1510 1423 1811 1486 :zdiam

130 1503 269 1558 Iouis
315 1505 551 1575 proxime
579 1541 593 1568 ,
630 1499 780 1555 coelo
824 1502 948 1556 bene
1001 1500 1213 1557 fauente.
1331 1498 1558 1575 Contigit
1636 1516 1809 1558 autem

132 1598 367 1660 tempore
413 1603 534 1641 vero
579 1588 762 1642 astron.
1682 1589 1685 1592 ’

287 1674 501 1744 Emelfio
550 1664 623 1722 2⁶³²'
667 1675 839 1744 prima
1037 1663 1116 1740 9¹².
1148 1673 1265 1728 28²·
1291 1667 1435 1740 45²¹.

290 1757 508 1831 Emetfio
551 1756 717 1811 totalis
758 1757 840 1809 seu

283 1840 486 1898 Satelles
511 1841 706 1896 lumine
734 1839 841 1913 ple·

285 1943 357 1979 no
400 1925 617 1995 fulgebat
1071 1958 1124 1968 —-
1155 1945 1252 1996 31.
1302 1945 1396 1980 20.

131 2011 436 2068 Altitudines
477 2006 609 2064 Solis
650 2009 1026 2065 corree'tionem
1065 2000 1328 2083 'horologii
1373 2010 1659 2066 oscillatorii
1702 2014 1814 2070 sub-

131 2095 481 2149 ministrarunt.

324 2176 415 2232 De
458 2178 767 2250 apparitione
809 2174 1031 2233 Veneris
1071 2180 1280 2234 interdiu
1320 2180 1399 2250 egi
1441 2180 1491 2231 in
1517 2179 1676 2233 Tom·
1706 2178 1810 2236 ΙΙΙ.

128 2261 268 2318 Nou.
324 2261 685 2317 Commentar.
754 2278 870 2332 pag.
930 2275 1072 2329 437.
1117 2263 1245 2332 sequ.
1292 2263 1459 2334 ibique
1501 2279 1616 2335 pag.
1664 2282 1809 2332 441.

127 2347 344 2400 reditum
386 2345 526 2399 huius
566 2345 910 2416 phaenomeni
952 2349 1081 2400 circa
1126 2345 1280 2399 finem
1338 2344 1657 2417 Septembris
1721 2349 1807 2404 vel

128 2431 304 2484 mense
344 2429 562 2485 Oc‘tobri
601 2446 681 2485 an.
731 2434 904 2494 1756.
940 2430 1170 2485 >futurum
1231 2431 1474 2502 praedixi.
1586 2432 1807 2488 Euentus

127 2515 523 2584 praedietionem
589 2516 790 2586 optime
859 2513 1197 2569 confirmauit.
1330 2515 1531 2569 Diebus
1596 2516 1806 2588 serenis,

127 2598 385 2670 speciatim
452 2602 502 2655 d.
574 2615 669 2663 29.
712 2596 1067 2670 Septembris,
1137 2599 1188 2652 d.
1236 2613 1294 2661 3.
1340 2614 1390 2654 et
1443 2615 1528 2654 10.
1596 2600 1812 2655 Odtobr.

128 2699 209 2736 an.
261 2687 415 2751 1756
445 2727 460 2753 ,
499 2683 760 2738 Venerem
803 2700 896 2756 per
944 2686 1191 2754 integram
1236 2683 1417 2739 horam
1494 2685 1609 2756 post
1675 2684 1811 2740 Solis

132 2781 304 2823 ortum
348 2769 500 2823 oculo
543 2768 681 2823 nudo
723 2783 928 2823 cernere
970 2768 1107 2823 licuit
1139 2809 1155 2837 ,
1197 2781 1245 2822 et
1292 2770 1368 2834 ii,
1412 2769 1499 2839 qui
1547 2770 1808 2823 oculorum

129 2856 236 2907 acie
283 2852 538 2927 pollebant
563 2896 578 2925 ,
622 2852 879 2909 Venerem
919 2870 1008 2928 per
1048 2855 1163 2910 duas
1203 2867 1361 2912 tresue
1386 2853 1540 2910 horas
1565 2853 1678 2928 post
1701 2851 1810 2911 So-

1745 2935 1806 2992 lis
