2342 3554
467 299 1491 369 METEOROLOGICAE.
1691 319 1806 374 40³

148 480 202 520 et
242 462 626 519 exhalationum
655 477 694 531 ,‘
720 477 870 535 quam
914 458 1085 530 frigori
1127 473 1293 511 aerem
1337 455 1685 521 condenstmti,
1731 455 1812 506 tri*

151 549 403 603 buendum
456 550 666 603 videtur.
758 543 1025 599 Caeterum
1072 543 1110 598 fi
1150 543 1345 595 summa
1390 539 1667 594 barometri
1710 538 1820 591 alti-

152 636 278 688 tudo
322 633 464 688 huius
503 636 621 688 anni
665 643 986 702 comparetur
1027 645 1145 684 cum
1195 626 1387 680 summa
1426 616 1687 677 altitudine
1732 637 1823 672 an-

151 720 204 773 ni
249 717 820 789 praecedenti5,scilicet
867 719 1041 782 29330,
1067 713 1168 767 fine
1209 709 1391 781 viginti
1435 723 1622 762 nouem
1671 705 1823 776 polli-

150 818 269 858 cum
317 802 646 874 parisinorum
690 813 741 855 et
784 799 929 853 vnius
971 811 1024 854 et
1063 795 1303 853 dimidiae
1341 793 1445 848 fiere
1485 793 1671 862 lineae,
1698 806 1820 861 quae

153 903 286 942 nunc
328 892 562 941 omnium
608 886 977 941 obseruatatum
1019 881 1177 937 adhuc
1221 879 1449 934 maxima
1494 878 1606 948 est3
1674 877 1818 946 adpa-

152 971 605 1040 ret‚altitudinem
652 972 795 1025 huius
840 969 955 1022 anni
1000 967 1250 1021 summam
1305 972 1531 1031 28.90.·
1569 961 1822 1015 minorem

150 1057 250 1109 effe
315 1054 574 1109 altitudine
616 1055 816 1110 summa
858 1054 973 1107 anni
1020 1048 1359 1124 praecedentis
1415 1061 1620 1123 29.12.
1666 1045 1825 1115 parti⁴

153 1139 244 1191 bus·
309 1130 591 1190 centesimis
658 1155 753 1191 22.
799 1138 897 1192 fine
965 1135 1178 1207 amplius
1234 1141 1295 1198 2}
1338 1132 1600 1187 linearum.
1683 1127 1825 1197 Ergo

153 1231 328 1276 manet
373 1217 582 1273 altitudo
630 1221 745 1272 anni
789 1220 1134 1291 praecedentis
1173 1219 1406 1272 omnium
1453 1216 1616 1271 adhuc
1668 1212 1827 1265 obser-

155 1317 386 1360 vatarum
432 1302 679 1359 maxima.

353 1389 572 1446 Minima
617 1387 764 1445 huius
810 1389 927 1443 anni
971 1388 1182 1443 altitudo
1247 1385 1585 1442 barometrica
1637 1387 1728 1436 26.
1751 1399 1825 1450 42

157 1475 286 1533 mihi
339 1474 590 1530 obseruata
644 1474 717 1527 est
760 1473 1064 1528 Decembris
1111 1489 1213 1540 30.
1259 1471 1313 1525 h.
1362 1489 1418 1537 9.
1470 1486 1523 1541 p.
1573 1485 1648 1523 m.
1720 1468 1838 1524 Ob.

155 1561 369 1618 seruatio
434 1559 675 1630 proxime
718 1557 1014 1612 antecedens
1059 1556 1111 1612 h.
1159 1573 1210 1609 2.
1253 1574 1307 1628 p.
1353 1573 1425 1610 m.
1473 1553 1717 1608 indicabat
1761 1551 1836 1606 al-

160 1645 430 1700 titudinem
504 1647 594 1696 26.
617 1658 715 1708 92.
770 1655 820 1695 et
874 1641 1111 1714 proxima
1176 1642 1379 1711 sequens
1445 1637 1545 1692 diei
1591 1635 1835 1708 sequentis

166 1744 260 1795 31.
289 1728 343 1784 h.
373 1744 427 1805 9.
458 1743 501 1782 a.
531 1744 605 1782 m.
636 1740 726 1794 27.
748 1741 846 1796 30.
904 1724 1181 1780 Descendit
1204 1741 1231 1778 a
1266 1724 1423 1780 tribus
1454 1721 1627 1777 diebus
1663 1722 1842 1793 proxi-

161 1830 250 1873 me
292 1813 692 1869 antecedentibus
734 1828 761 1867 a
812 1824 993 1878 27.90
1050 1810 1111 1865 ad
1152 1809 1283 1864 hanc
1323 1818 1547 1864 notatam
1614 1806 1840 1861 altitudi-

162 1915 287 1956 nem
357 1898 628 1953 minimam
655 1939 668 1966 ,
738 1909 789 1950 et
839 1896 1007 1951 diebus
1046 1896 1291 1968 proxime
1334 1891 1645 1967 sequentibus
1684 1891 1841 1946 rursus

162 1983 415 2038 adscendit
477 1981 538 2034 ad
605 1993 813 2046 27.90.
874 1979 1140 2034 celerrime
1168 2022 1182 2048 ‚
1228 1992 1279 2032 et
1325 1995 1481 2051 porto
1522 1977 1584 2031 ad
1631 1980 1841 2029 28.00.

163 2067 358 2122 Ventus
421 2064 777 2121 obseruationis
864 2077 1101 2134 tempore
1195 2061 1287 2116 fuit
1371 2058 1843 2116 vehementissimus

161 2169 232 2207 ex
277 2150 334 2220 S,
380 2153 464 2220 qui
506 2151 608 2204 iam
670 2149 752 2203 die
802 2156 901 2204 28.
946 2148 1063 2202 flare
1118 2147 1289 2218 coepit
1316 2189 1331 2215 ‚
1377 2158 1427 2200 et
1472 2149 1533 2200 ad
1572 2145 1712 2198 diem
1762 2160 1832 2211 31

165 2233 485 2290 continnauit
511 2273 527 2299 ,
571 2232 687 2285 licet
734 2247 837 2284 non
882 2232 1074 2299 semper
1114 2247 1183 2284 ex
1225 2231 1402 2287 eadem
1446 2228 1701 2302 spirauerit
1731 2226 1841 2297 pla-

167 2334 263 2391 ga,
305 2314 384 2370 sed
429 2314 590 2369 modo
632 2309 668 2368 S
715 2315 875 2369 modo
920 2313 1002 2367 W
1045 2312 1210 2368 fuerit.
1282 2314 1457 2368 Procul
1497 2315 1650 2368 dubio
1694 2312 1842 2383 igitur

170 2402 299 2457 haee
341 2399 519 2470 exigua
561 2398 770 2453 altitudo
823 2397 1178 2453 vehementiae
1224 2397 1366 2451 venti
1421 2398 1516 2451 erit
1572 2398 1844 2471 praecipue

168 2484 495 2540 adscribenda.
608 2482 1071 2538 Thermometrum
1117 2482 1327 2554 gradum
1376 2481 1554 2536 caloris
1596 2481 1845 2535 indicabat

179 2577 293 2639 148
340 2568 548 2624 cadente
595 2566 799 2638 pluuia,
853 2585 1003 2638 quum
1057 2585 1148 2638 per
1192 2568 1326 2621 diem
1373 2565 1707 2638 copiosissima
1751 2566 1844 2618 nix:

171 2650 435 2709 cecidisset.
567 2650 699 2706 Dies
764 2653 1118 2707 antecedentes
1172 2664 1224 2704 et
1267 2651 1522 2722 sequentes
1561 2664 1702 2706 erant
1744 2650 1843 2703 fere

173 2739 329 2794 nubili
374 2748 429 2795 et
469 2736 646 2792 niuosi.
715 2737 944 2791 Variatio
986 2736 1160 2792 caloris
1205 2749 1310 2789 erat
1351 2737 1477 2791 intra
1519 2738 1839 2808 gradus¹148

175 2835 229 2879 et
280 2836 413 2890 173,
459 2821 538 2892 qui
582 2821 754 2893 gradus
797 2823 877 2875 die
921 2836 993 2887 27
1043 2821 1237 2891 vesperi
1281 2820 1406 2874 mihi
1474 2833 1668 2875 notatus
1737 2818 1807 2872 est
1834 2856 1850 2884 ,

175 2924 307 2983 quae
351 2907 498 2981 igitur
541 2907 803 2980 temperiei
852 2909 1066 2962 mutatio
1111 2907 1219 2959 sitis
1263 2905 1413 2960 subita
1460 2917 1511 2959 et
1557 2919 1760 2975 magna.

1010 2992 1161 3048 Eee
1209 3007 1237 3043 2
1696 2985 1852 3066 Quod
