2342 3554
551 337 1347 404 MAGNETICO.
1686 360 1803 409 339

154 495 419 547 contrarius
460 495 579 553 oriri
619 493 766 553 debet
809 504 1047 558 euentu5‚
1116 502 1257 559 atque
1322 488 1542 543 absoluto
1605 493 1808 561 experi-

156 591 333 631 mento
376 577 448 631 fili
491 592 780 631 extremum
824 577 902 648 β,
958 574 1081 627 vltra
1135 573 1466 643 quantitatem
1535 576 1808 626 naturalem

155 662 447 731 magnerico
490 661 648 714 fluido
699 657 940 730 repletum
967 698 982 724 ,
1043 668 1329 709 extremum
1404 671 1531 710 vero
1595 673 1630 707 α
1695 656 1813 708 infra

155 743 284 798 hanc
328 745 656 818 quantitatem
699 756 988 797 euacuatum
1012 783 1026 810 ‚
1072 738 1428 795 obseruabitur.

358 893 485 949 Non
531 891 778 947 offendere
819 891 1006 961 poterit
1049 887 1261 943 lest-ores
1286 928 1301 957 ‚
1345 889 1441 942 rite
1485 903 1594 942 rem
1657 889 1819 942 consi-

157 974 378 1030 derantes
404 1020 419 1045 ‚
457 979 591 1047 quod
633 975 772 1028 fiecas
812 974 1110 1045 hypotheses
1155 973 1241 1026 hic
1284 973 1646 1039 adsumserim,
1698 988 1815 1043 qua-

155 1056 229 1108 les
272 1060 377 1110 sunt
405 1101 419 1126 ‚
465 1060 597 1127 quod
641 1057 876 1128 polorum
924 1056 1206 1126 magnetiS,
1270 1057 1352 1126 qui
1398 1056 1670 1109 tentamini
1733 1055 1817 1108 ad·
1906 1099 1908 1101 .

155 1137 359 1188 hibetur
386 1178 400 1202 ‚
442 1141 556 1189 vim
600 1141 649 1189 in
694 1141 875 1207 punita
917 1140 969 1191 A
1011 1151 1065 1191 et
1105 1137 1150 1191 B
1192 1139 1423 1193 coadtam
1467 1139 1819 1208 supposuerim,

154 1218 386 1287 quodque
431 1219 656 1269 exerceri
704 1220 1043 1288 magneticam
1087 1224 1444 1273 attradtionem
1486 1232 1538 1272 et
1582 1218 1821 1289 repulsio-

156 1317 275 1354 nem
318 1300 581 1354 secundum
627 1299 965 1353 distantiarum
1021 1302 1270 1352 rationem
1328 1302 1606 1371 inuersam⁷
1662 1300 1822 1361 admi-

156 1383 322 1437 serim.
394 1380 523 1438 Satis
565 1383 708 1437 enim
753 1383 947 1454 liquet,
990 1383 1444 1454 quomodocunque
1488 1382 1610 1437 haec
1653 1383 1823 1438 omnia

157 1467 491 1521 immutentur
517 1510 532 1536 ,
577 1467 851 1538 prodituras
894 1479 1138 1537 perpetuo
1179 1466 1519 1534 conclusiones
1545 1503 1560 1525 ‚
1596 1467 1683 1528 iis,
1710 1483 1827 1537 quas

159 1566 224 1606 ex
267 1550 397 1604 fietis
440 1550 802 1621 hypothesibus
845 1550 1028 1617 elicui,
1073 1550 1240 1619 quoad
1291 1549 1666 1620 principaliores
1729 1550 1828 1603 cit·

157 1635 511 1701 cumstantiaS,
555 1634 772 1687 omnino
816 1633 1002 1686 ssmiles
1029 1672 1044 1699 ‚
1091 1634 1224 1702 quod
1277 1650 1373 1704 pro
1424 1633 1615 1702 scop0,
1669 1647 1823 1704 quem

162 1715 246 1771 hic
289 1716 593 1770 intendimus
617 1757 632 1786 ,
672 1716 863 1770 abunde
904 1714 1101 1769 sufficit.

358 1864 572 1919 Nouum
620 1866 668 1918 in
710 1864 805 1918 hac
870 1864 1198 1920 dissertatione
1262 1864 1512 1935 accipiunt
1574 1863 1826 1936 specimen

165 1958 370 2001 naturae
415 1947 740 2013 scrtltatoreS‚
802 1961 1045 2016 quantum
1088 1948 1278 2000 theoria
1323 1965 1439 2001 mea
1512 1948 1788 2017 magnetica
1814 1988 1828 2013 ,

163 2029 218 2083 in
261 2030 545 2083 Tentamine
596 2026 852 2088 Theoriae
915 2026 1272 2085 EleHricitatis
1337 2039 1385 2082 et
1453 2030 1522 2082 M
1523 2030 1780 2099 agnetismi
1807 2063 1822 2093 ‚

166 2113 393 2184 exposita
432 2154 446 2180 ,
519 2129 639 2167 cum
717 2111 1083 2184 phaenomenis
1153 2111 1508 2166 difficilioribus
1546 2150 1561 2177 ‚
1631 2124 1830 2164 naturae

167 2196 503 2250 consuetudini
543 2196 604 2248 ad
645 2196 866 2264 primum
907 2196 1148 2250 intuitum
1191 2197 1445 2250 contrarris
1471 2236 1489 2266 ‚
1534 2206 1679 2264 atque
1719 2194 1830 2247 val·

170 2278 234 2330 de
297 2278 566 2346 paradoxis
593 2314 611 2344 ,
675 2275 964 2329 consentiat.
1039 2280 1144 2331 An
1203 2279 1368 2347 itaque
1433 2277 1664 2332 vanitatis
1722 2292 1830 2330 reus

172 2360 385 2429 agendus
429 2373 519 2412 ero
548 2399 564 2426 ‚
605 2358 641 2413 fi
691 2357 878 2428 fatear,
943 2358 1006 2412 de
1050 2360 1133 2414 die
1197 2359 1248 2412 in
1313 2360 1453 2414 diem
1523 2376 1608 2414 me
1674 2360 1831 2429 magis

175 2441 435 2511 magisque
498 2440 768 2512 persuasum
838 2442 1045 2513 euadere
1091 2486 1107 2515 ,
1191 2442 1488 2514 hypothesin
1555 2443 1829 2497 admodum

173 2525 494 2597 probabilem
562 2525 1032 2597 phaenomenorum
1104 2527 1500 2598 magneticorum
1568 2542 1656 2582 me
1723 2525 1833 2581 orbi

176 2609 370 2663 erudito
408 2604 766 2682 proposuisse?

342 2836 984 2862 *ἡ*

974 2968 1024 3024 v
1047 2983 1084 3022 v
1106 2944 1161 3019 ‘2
1617 2963 1838 3042 Anmf
