2342 3554
393 265 1075 332 DESCRIPTIO
1144 264 1608 326 1³1301VM.
1726 285 1841 341 421

176 437 253 479 tur
295 425 485 479 cursum
533 424 592 478 ad
635 425 808 497 pinnas
855 438 1009 493 Vsque
1055 421 1304 475 ventrales
1332 464 1345 490 ,
1391 433 1439 475 et
1479 422 1541 476 ab
1583 421 1660 478 bis
1711 421 1846 476 deni·

171 526 267 580 que
312 513 370 564 ad
418 512 597 563 caudae
638 511 845 580 pinnam
889 507 1068 560 eodem
1118 508 1282 560 modo
1324 506 1496 560 sensim
1563 508 1851 576 adieendit,

172 609 273 665 quo
317 596 378 648 ab
424 596 527 647 oris
573 607 810 647 extremo
852 604 998 644 antea
1045 591 1384 645 descendebat.
1454 589 1642 643 Differt
1683 593 1849 660 itaque

169 696 199 732 a
228 694 352 732 vero
397 676 715 743 Chinensium
762 674 996 748 Cyprino
1039 711 1074 745 2,
1099 677 1253 748 pinna
1298 674 1378 729 ani
1422 676 1640 746 gemina,
1664 675 1849 729 caudae

171 799 209 831 „
235 767 503 817 transuersa
530 763 722 818 trifurca
771 762 929 835 Linn,
959 757 1088 830 Syst.
1128 760 1253 816 Nat.
1297 759 1419 814 edit.
1465 761 1570 814 dee.
1616 778 1668 831 p.
1715 773 1850 822 322.

163 847 311 916 ‚,n⁰.
363 857 416 904 8.
450 887 484 918 „
524 865 675 920 quem
723 851 909 918 pariter
952 847 1013 900 ad
1057 862 1231 922 manus
1255 845 1499 900 habebam
1525 886 1539 912 ‚
1581 845 1699 899 dnm
1727 845 1851 898 haec

168 932 433 986 scriberem
460 971 475 999 ‚
515 934 650 1003 quod
696 932 836 986 huius
878 946 1057 1003 corpus
1098 931 1161 985 ab
1219 921 1318 984 oris
1383 944 1621 983 extremo
1688 930 1854 984 versus

168 1016 366 1070 dorsum
413 1018 605 1087 aequali
648 1018 749 1071 fere
793 1016 874 1071 snb
917 1033 1029 1070 arcu
1080 1016 1377 1083 adscendat,
1430 1031 1532 1085 quo
1595 1013 1852 1068 abdomen

168 1103 335 1150 versus
379 1101 630 1153 descendit
658 1144 672 1168 ,
737 1113 789 1154 et
829 1101 937 1173 pari
990 1117 1187 1173 quoque
1230 1101 1393 1154 modo
1435 1115 1463 1151 a
1509 1099 1637 1152 dorsi
1705 1100 1855 1169 pinna

164 1180 227 1234 ad
270 1181 483 1233 caudam
533 1182 833 1250 descendat,
877 1200 977 1251 quo
1019 1202 1045 1237 a
1087 1185 1251 1255 pinnis
1292 1183 1596 1238 ventralibus
1640 1184 1699 1236 ad
1739 1198 1857 1235 ean-

166 1264 284 1317 dem
343 1262 604 1316 adscendit.
716 1260 804 1316 Sic
879 1266 1034 1318 etiam
1107 1264 1313 1334 Cyprini
1377 1265 1640 1317 Chinenfis
1707 1275 1858 1333 caput

169 1347 334 1401 multo
379 1347 537 1417 magis
578 1347 808 1401 obtusum
854 1347 920 1400 est
946 1390 959 1416 ‚
1006 1364 1155 1420 quam
1202 1348 1468 1405 nostratis,
1512 1350 1645 1416 quod
1692 1349 1742 1400 in
1769 1348 1857 1401 illo

167 1432 230 1486 ab
276 1432 376 1485 oris
419 1443 658 1485 extremo
700 1431 862 1485 statim
909 1443 1115 1485 arcuato
1159 1432 1242 1484 sub
1287 1432 1424 1483 flexu
1474 1434 1533 1485 ad
1578 1432 1708 1487 dorsi
1764 1433 1860 1486 ini-

167 1517 296 1571 tium
344 1515 588 1570 adscendit
614 1557 629 1584 ,
672 1531 789 1569 cum
833 1515 884 1567 in
926 1512 1030 1570 hoc
1073 1514 1275 1568 reeiiori
1343 1513 1427 1568 sub
1493 1515 1647 1570 due‘tu
1716 1518 1858 1570 idem

168 1601 397 1672 attingat.
1055 1615 1058 1618 ’

366 1683 526 1738 Prona
571 1683 743 1755 capitis
785 1681 1059 1755 superficies
1124 1683 1375 1737 anteriora
1441 1683 1603 1737 versus
1669 1683 1885 1756 planius

171 1767 337 1838 scula,
383 1766 663 1840 posteriora
710 1768 871 1822 versus
940 1769 1255 1824 subconuexa
1313 1768 1398 1822 est.
1506 1766 1729 1822 Dorsum
1800 1770 1861 1824 ab

170 1850 320 1906 initio
364 1869 702 1924 connexum,
750 1852 920 1906 sensim
968 1854 1018 1907 in
1063 1853 1342 1907 subacutum
1390 1856 1670 1923 marginem
1742 1854 1862 1924 pin-

169 1952 289 1989 nam
337 1937 470 1990 suam
520 1937 678 1989 versus
722 1937 1036 1990 contrahitur
1063 1981 1077 2006 ,
1121 1952 1254 2008 pone
1298 1954 1447 2008 quam
1481 1977 1496 2004 ‚
1556 1937 1589 1991 si
1634 1940 1863 1991 eminen-

169 2020 296 2072 tiam
344 2020 482 2072 istam
531 2021 856 2085 iiibacutam‚
900 2023 964 2071 de
1009 2037 1102 2089 qua
1151 2022 1288 2090 supra
1316 2022 1421 2074 dixi
1450 2061 1464 2087 ‚
1509 2037 1727 2092 quaeque
1753 2022 1865 2092 pin-

170 2119 265 2157 nae
308 2105 383 2156 ani
431 2104 686 2174 principio
731 2118 758 2154 e
805 2103 1001 2157 directo
1046 2104 1365 2175 opponitur,
1408 2104 1670 2176 excipias,
1742 2121 1864 2158 con·
1950 2135 1953 2137 >

173 2202 366 2240 vexum
412 2188 597 2239 iterum
642 2186 892 2238 ambitum
935 2187 997 2240 ad
1051 2199 1344 2240 extremum
1413 2204 1571 2258 vsque
1636 2189 1866 2245 ostendit.

175 2269 486 2322 Abdominis
525 2284 554 2320 e
601 2268 861 2321 contrario
903 2267 1182 2339 superficies
1226 2271 1287 2322 ab
1334 2272 1520 2341 angulo
1544 2272 1869 2327 coniunctio-

175 2353 250 2404 nis
293 2352 545 2418 Vtriusque
590 2352 917 2406 membranae
963 2352 1364 2424 branchiostegae
1408 2370 1438 2407 e
1483 2371 1708 2411 connexa
1755 2356 1867 2411 sen-

174 2435 265 2491 fim
313 2434 510 2507 planior
554 2435 655 2502 fit,
702 2437 828 2490 inter
874 2437 1050 2508 pinnas
1094 2439 1346 2491 ventrales
1391 2450 1440 2491 et
1484 2456 1636 2495 anum
1683 2444 1735 2495 in
1760 2442 1864 2495 sub·

178 2532 378 2574 acutum
424 2511 732 2574 contrahitur
775 2523 1060 2592 marginem
1090 2565 1104 2591 ,
1150 2534 1202 2574 et
1247 2538 1382 2592 pone
1425 2525 1610 2593 pinnae
1655 2527 1734 2580 ani
1805 2526 1868 2581 fi·

177 2619 299 2657 nem
347 2603 608 2675 planitiem
656 2610 826 2659 denuo
866 2608 1068 2676 acquirit
1114 2606 1415 2661 notabilem.
1502 2608 1681 2664 Latera
1725 2611 1866 2682 capi-

176 2688 240 2742 tis
283 2687 402 2742 infra
449 2703 497 2744 et
543 2703 655 2744 ante
703 2689 875 2746 oeulos
912 2691 1080 2763 plana,
1127 2694 1258 2746 circa
1312 2693 1671 2748 branchiarum
1715 2711 1866 2767 oper-

177 2772 287 2827 cula
336 2772 693 2847 subconuexa3
763 2776 923 2846 qualia
984 2780 1138 2831 etiam
1165 2777 1341 2833 ‚trunci
1383 2777 1488 2832 sunt
1551 2778 1739 2850 latera,
1802 2778 1865 2832 ad

181 2860 432 2916 anterior-a
473 2873 644 2915 tamen
689 2862 848 2933 magis
880 2900 894 2921 ,
938 2860 998 2915 ad
1042 2862 1311 2933 posteriora
1353 2865 1536 2918 minus.

957 2945 1008 3003 G
1031 2965 1064 3019 g
1088 2965 1123 3020 g
1169 2962 1199 3011 3
1742 2944 1860 3000 Oris
