2347 3590
730 268 883 338 &⁰³:5³3
926 272 946 338 )
991 281 1027 320 0
1071 270 1091 334 (
1133 266 1288 335 ἓῖθὲω
1776 283 1845 331 ³3

168 420 422 496 signorum
468 413 735 472 manifesto
773 418 825 471 in
871 432 937 470 eo
978 416 1052 470 est
1094 416 1253 487 posita
1282 456 1297 487 ‚
1341 414 1475 488 quod
1529 429 1706 469 eorum
1765 415 1857 479 be-

169 503 355 557 neficio
398 504 559 556 menti
601 501 742 555 ideae
786 500 933 556 valde
972 500 1292 571 compofitae
1331 515 1435 554 vno
1489 499 1619 571 quasi
1671 499 1852 559 intuitu

171 586 317 644 simul
360 588 429 640 ita
482 587 907 657 repraesentantur
934 626 951 656 ‚
1022 597 1077 638 vt
1107 625 1122 655 ‚
1169 584 1205 639 fi
1250 585 1363 638 vim
1408 584 1639 655 cuiusque
1678 582 1814 655 sigui
1847 628 1863 655 ,

168 669 483 743 quantumuis
525 671 627 723 eius
670 669 963 740 fignificatus
1004 668 1149 722 fuerit
1196 668 1496 739 complexus
1527 709 1544 738 ,
1590 668 1739 721 semel
1775 668 1856 734 in-

171 754 463 824 tellexerit,
507 752 556 817 id
601 753 836 826 deinceps
880 757 932 807 in
972 765 1150 806 mente
1202 753 1366 807 vicem
1415 752 1660 807 «omnium
1718 751 1854 806 idea-

169 854 285 893 rum
307 875 323 903 ,
365 854 484 908 quas
517 838 921 909 comprehendit
947 877 962 904 ,
1023 850 1188 907 ggerat.
1297 837 1473 910 Atque
1535 836 1643 890 hoc
1706 835 1852 896 idem

169 938 263 993 per
306 922 588 973 vniuersam
654 922 890 989 Analysin
958 921 1377 983 mathematicam
1443 918 1612 975 multo
1676 919 1858 974 clarius

170 1003 424 1067 cernitur,
477 1001 560 1055 vbi
603 1018 784 1055 omnes
828 1003 1074 1055 formuiae
1123 1007 1172 1058 in
1215 1004 1406 1058 calculo
1449 1017 1682 1073 receptae
1724 1003 1858 1057 nihil

134 1088 303 1161 ’311υά
351 1086 505 1156 sunt',
573 1085 660 1139 nisi
704 1085 837 1156 signa
890 1086 1070 1138 idonea
1102 1125 1117 1151 ‚
1183 1087 1353 1156 quibus
1396 1085 1536 1137 ideae
1570 1099 1629 1138 vet
1673 1101 1858 1154 opera-
1897 1102 1903 1107 ·

172 1173 332 1225 tiones
374 1182 636 1241 tantopere
676 1169 988 1240 compositae
1029 1170 1195 1222 menti
1239 1185 1346 1222 vno
1384 1169 1523 1240 quasi
1566 1168 1669 1223 istu
1719 1167 1854 1222 offe-

173 1267 348 1310 runtur
376 1293 392 1321 ‚
431 1269 492 1308 vt
523 1269 700 1308 aearum
737 1252 1016 1324 „explicatio
1052 1253 1349 1325 plerumque
1388 1256 1679 1313 maxim-am
1738 1269 1859 1307 ver-

172 1339 357 1398 borum
402 1339 668 1407 ambagem
712 1339 979 1409 requireret
1008 1355 1029 1408 >3
1077 1338 1161 1390 vbi
1198 1336 1305 1391 hoc
1345 1337 1606 1408 imprimis
1645 1337 1717 1391 est
1759 1338 1860 1392 ob·

173 1423 462 1477 struandum
496 1465 512 1494 ‚
552 1422 843 1476 huiusmodi
886 1423 1110 1492 signum,
1148 1438 1265 1476 cum
1309 1421 1409 1475 eius
1439 1423 1516 1476 vis
1560 1421 1710 1476 semel
1747 1420 1858 1475 fue-

167 1508 239 1567 rit
277 1520 562 1579 percepta,
602 1508 759 1562 menti
794 1507 1040 1578 „deinceps
1087 1519 1337 1577 perpetuo
1380 1505 1558 1578 'insigni
1603 1522 1855 1575 compen-

164 1593 262 1652 dio
303 1592 586 1666 wniuersam
634 1609 745 1645 rem
791 1590 1113 1663 fignificatam
1166 1591 1556 1661 repraesentare.
1658 1589 1863 1664 Quem-

178 1675 453 1729 admodum
491 1692 620 1743 eergo
659 1677 715 1726 in
754 1676 1027 1727 :communi
1071 1677 1299 1726 sermone
1323 1674 1513 1741 {iugula
1541 1674 1694 1725 verba
1722 1675 1858 1725 ideas

175 1756 500 1824 simpliciores
543 1757 593 1806 in
637 1756 814 1806 animo
851 1757 1120 1818 excitant,
1183 1756 1253 1806 ita
1317 1757 1371 1806 in
1413 1755 1612 1822 Analyfi
1660 1753 1858 1807 mathe-

177 1839 362 1912 matica
406 1837 649 1891 eiusmodi
695 1836 827 1906 signa
899 1835 1236 1906 vsurpantur‚
1299 1852 1424 1906 quae
1494 1840 1626 1892 ideas
1694 1838 1859 1890 multo

170 1923 338 1993 imagis
380 1920 685 1992 compositas
725 1922 907 1975 animo
966 1920 1111 1975 simul
1172 1919 1466 1990 exhibent,
1534 1922 1856 1991 eundemque

175 2005 405 2064 efflatum
451 2005 728 2076 praestant,
774 2022 829 2064 ac
874 2005 907 2059 si
957 2005 1133 2059 omnia
1191 2005 1337 2059 verba
1382 2006 1482 2059 eius
1525 2005 1861 2075 significatum

176 2090 475 2160 explicantia
529 2091 700 2143 ordine
765 2090 1130 2160 recitarentur3
1197 2107 1320 2161 quae
1384 2090 1679 2160 prolixum,
1745 2105 1860 2147 cum

175 2176 410 2236 >animum
459 2175 686 2229 maxime
729 2174 847 2228 effer
891 2174 1212 2241 distractum,
1258 2176 1388 2227 vires
1445 2175 1599 2229 etiam
1667 2172 1862 2245 ingenii

178 2258 229 2312 in
272 2261 656 2330 comparatione
701 2260 915 2330 plur-ium
995 2257 1284 2312 huiusmodi
1353 2262 1860 2328 repraesentationum

178 2342 452 2413 plurimum
496 2339 619 2396 esset
663 2345 1012 2412 pei-,turbatura
1099 2342 1185 2395 Ex
1233 2359 1336 2412 quo
1389 2343 1699 2412 perspicuum
1746 2342 1863 2414 est,

168 2426 536 2498 ‘praestantiam
583 2427 856 2492 Analyieos
898 2425 1000 2479 vsui
1058 2423 1370 2494 potiffimum
1428 2425 1726 2478 idoneorum
1796 2384 1864 2482 fi-

163 2524 398 2581 ,gnorum
429 2549 444 2577 ,
513 2508 684 2576 quibus
727 2524 800 2562 res
862 2508 1093 2560 maxime
1131 2507 1461 2579 complicatae
1507 2509 1863 2603 designantur,

164 2606 439 2662 „acceptam
481 2593 581 2647 effe
627 2593 957 2644 referendam.
1071 2591 1241 2646 Veluti
1295 2594 1485 2663 quoties
1546 2594 1597 2645 in
1666 2594 1861 2647 calculo

173 2676 433 2746 analytico
486 2675 623 2731 hanc
693 2674 958 2731 formulam
1018 2668 1413 2746 V(aa—i-bb)
1483 2677 1863 2748 conspicimus,

181 2760 287 2823 hoc
329 2760 464 2832 signo
513 2760 679 2821 menti
742 2760 914 2814 oblito
978 2760 1345 2832 intelligimu5‚
1413 2761 1590 2816 litteris
1651 2779 1688 2816 a
1739 2777 1791 2816 et
1826 2761 1860 2830 b

161 2858 342 2911 certas
379 2848 673 2919 quantitates
712 2843 1000 2986 defigo-arib,
1064 2862 1273 2927 quarum
1320 2848 1549 2923 quadrata
1583 2863 1684 2931 *per
1720 2849 1864 2910 addi-

1022 2946 1057 2984 2
1662 2945 1860 2988 tionem
