2342 3554
686 284 1269 351 PISCIVM.
1677 259 1814 369 &3

131 445 393 522 firperioris
433 443 757 504 extremitate
799 442 974 499 senfim
1020 458 1077 498 ac
1116 440 1289 497 leuiter
1327 441 1538 503 ascendit
1579 445 1640 502 ad
1665 463 1810 519 quar·

127 545 235 589 tum
280 534 414 590 dorsi
457 532 716 593 aculeum,
741 527 822 582 seu
864 530 1089 600 primum
1136 529 1320 599 pinnae
1359 530 1558 584 dorsalis
1606 532 1803 589 radium

124 633 280 692 vsque
304 662 320 690 ‚
363 630 418 674 et
455 617 518 673 ab
556 616 657 671 hoc
699 613 906 668 caudam
953 612 1115 668 versus
1160 611 1383 668 {imiliter
1434 613 1730 688 descendit3
1775 632 1806 672 a

123 704 355 759 maxillae
400 701 646 758 inferioris
685 699 1004 753 extremitate
1070 714 1195 753 vero
1255 695 1356 752 leui
1421 698 1509 753 stib
1574 698 1806 757 descensu

124 786 305 861 pinnas
347 788 477 861 petit
518 782 764 842 ventrales
795 823 811 852 ,
845 783 908 838 ab
951 782 1027 838 his
1067 782 1251 840 restius
1293 783 1604 855 progreditur
1646 801 1808 856 vsque

122 871 185 927 ad
228 889 381 930 anum
410 912 427 944 ,
470 884 523 928 et
565 872 628 927 ab
672 870 774 924 hoc
819 869 1030 925 caudam
1074 869 1236 924 versus
1276 866 1448 922 sensim
1494 884 1552 924 ac
1618 868 1803 927 leuiter

119 948 353 1011 ascendit.
464 957 653 1029 Margo
706 953 836 1010 dorfi
892 954 955 1010 ab
996 955 1216 1027 occipite
1282 953 1509 1029 primum
1575 953 1802 1010 aculeum

120 1039 283 1093 versus
324 1041 613 1098 contractus
654 1055 712 1097 ac
749 1032 1072 1116 prominulus
1127 1039 1213 1096 est.
1324 1037 1515 1096 Latera·
1571 1039 1806 1114 corporis

118 1119 232 1178 latis
270 1136 522 1178 connexa.

316 1266 486 1344 Caput
527 1269 759 1345 vtrinque
801 1267 1146 1345 compressum
1173 1311 1190 1340 ,
1243 1267 1456 1341 superne
1525 1268 1804 1341 planiuscu-

105 1354 225 1412 *lum
251 1399 266 1427 ,
309 1356 470 1411 carina
524 1355 871 1429 longitudinali
901 1396 918 1427 ,
979 1372 1070 1428 per
1121 1352 1346 1409 medium
1392 1355 1646 1409 verticem
1712 1356 1804 1410 du·

117 1440 200 1499 &a
227 1479 242 1497 ‚
279 1440 580 1513 superficiali
625 1451 862 1494 notatum
890 1479 908 1506 ‚
951 1438 1262 1511 alepidotum
1296 1477 1318 1510 ‚
1385 1439 1615 1507 glabrum
1640 1480 1656 1506 ,
1711 1455 1806 1494 oc-

120 1523 296 1596 cipitis
338 1537 532 1580 tantum
577 1525 830 1596 Vtriusque
871 1521 1035 1577 lateris
1076 1521 1262 1594 angulo
1305 1533 1355 1574 et
1395 1520 1553 1592 spatio
1595 1521 1691 1577 isto
1729 1517 1805 1577 ffi-

118 1608 352 1663 milunari
380 1651 396 1677 ,
437 1606 713 1662 musculoso
742 1643 758 1676 ‚
801 1606 1000 1662 oculum
1045 1607 1178 1661 inter
1220 1618 1274 1660 et
1315 1606 1618 1676 operculum
1661 1608 1804 1665 bran-

118 1691 350 1751 chiarum
391 1692 486 1751 fito
516 1734 533 1763 ,
575 1694 803 1766 exceptis
833 1732 850 1763 ,
889 1691 1152 1765 squamulis
1177 1688 1515 1746 minutiffimis
1538 1691 1801 1750 instrueris,

299 1843 377 1899 Os
420 1840 805 1898 obtufiusculum
830 1885 845 1912 ,
911 1851 1135 1915 apertura
1179 1840 1381 1912 oblique
1424 1840 1655 1897 deorsum
1700 1841 1808 1915 spe·

119 1923 308 1981 (tante.
420 1927 665 1981 Maxillae
693 1964 709 1984 ,
752 1944 842 1979 ore
880 1926 1042 1979 clauso
1066 1968 1082 1994 ‚
1120 1925 1227 1978 satis
1284 1925 1514 1994 aequales
1540 1966 1557 1994 ‚
1624 1939 1807 1998 aperto

116 2021 286 2064 autem
327 2010 534 2062 inferior
576 2008 823 2078 superiore
865 2009 1021 2081 paulo
1063 2008 1305 2079 longior;
1351 2009 1658 2083 eaedemque
1681 2012 1805 2066 den·

114 2091 293 2147 ticellis
333 2093 490 2148 acutis
516 2129 534 2159 ,
580 2091 916 2146 minutiffimis
956 2088 1161 2148 interius
1209 2090 1547 2164 exasperatae.

302 2236 520 2294 Narium
557 2234 813 2293 'foramina
840 2280 858 2312 ,
898 2239 1000 2293 oris
1053 2250 1296 2294 extremo
1317 2280 1333 2307 ,
1401 2257 1551 2314 quam
1597 2240 1757 2297 oculis
1784 2284 1802 2312 ,

118 2321 271 2396 paulo
313 2322 595 2394 propiora,
637 2323 867 2395 vtrinque
910 2324 1008 2378 duo
1035 2365 1052 2393 ,
1098 2323 1184 2378 fibi
1223 2322 1440 2378 inuicem
1486 2326 1636 2381 valde
1673 2343 1794 2399 pro-

120 2407 306 2479 pinqua
333 2449 348 2476 ,
401 2405 622 2475 el‘li‘ptica
665 2419 720 2462 et
765 2409 1067 2463 verticaliter
1110 2407 1312 2480 pofita3
1378 2409 1566 2468 horum
1620 2413 1797 2486 poste·

116 2492 217 2546 rius
259 2492 348 2548 situ
391 2489 545 2564 paulo
585 2490 730 2547 altius
762 2534 779 2567 ‚
823 2510 973 2567 quam
1014 2493 1230 2550 anterius
1266 2537 1282 2566 ‚
1317 2494 1407 2550 est.

315 2639 465 2696 Oculi
504 2637 677 2715 magni
712 2683 726 2711 ,
780 2642 832 2697 in
877 2643 1091 2699 laterum
1137 2643 1367 2719 suprema
1414 2656 1555 2719 parte
1600 2646 1745 2719 positi
1772 2690 1791 2722 9

118 2724 222 2783 oris
265 2739 505 2782 extremo
529 2770 544 2797 ,
587 2744 738 2799 qnam
790 2729 972 2800 angulo
1012 2732 1368 2800 operculorum
1411 2731 1623 2805 postic0‚
1666 2748 1791 2801 pro·-

119 2809 292 2880 piores
317 2854 331 2879 ,
373 2823 523 2881 cute,
563 2828 715 2885 quam
759 2813 958 2868 orbitae
998 2815 1180 2885 margo
1220 2817 1386 2872 omnis
1426 2817 1570 2886 super
1610 2816 1794 2889 albugi-

121 2909 271 2971 neam
318 2895 550 2954 emittit,
586 2913 674 2950 ceu
717 2897 957 2969 palpebra
984 2941 1001 2972 ‚
1043 2899 1101 2954 in
1138 2901 1366 2971 ipsorum
1419 2900 1605 2956 ambitu
1660 2902 1792 2956 inaee

173 2996 175 2999 ·
207 2976 371 3035 Tom.
388 2977 489 3036 IX.
504 2979 648 3037 Nou.
664 2979 882 3039 Comm.
1144 2983 1202 3042 N
1225 3000 1261 3041 n
1284 2999 1320 3041 n
1583 2983 1790 3058 qualiter
