2342 3554
412 243 488 295 80
626 226 779 290 DE
860 220 1802 290 RESOLVTIONE

596 423 687 477 17.
726 409 918 483 Quodsi
965 418 1133 463 autem
1176 422 1246 463 ex
1291 407 1451 462 nostra
1493 407 1657 462 forma
1703 384 2039 475 κετω-ι-ᾓίῗῐ
2059 402 2103 460 v'

409 498 809 588 -l—ffif‘sff—f-
832 532 930 573 etc.
978 520 1038 572 ad
1087 519 1445 590 aequationem
1491 517 1793 574 rationalem
1842 516 2102 590 peruenias,

412 624 526 662 mus
553 649 568 675 ‚
611 622 668 660 ea
710 617 848 659 certo
889 603 1104 659 factores
1146 602 1415 658 rationales
1458 620 1564 658 non
1607 604 1843 660 habebit:
1887 604 1920 658 si
1962 603 2101 656 enim

412 689 617 746 haberet
642 726 659 758 ,
734 691 837 745 eius
879 692 1063 744 radices
1089 732 1103 757 ‚
1145 704 1273 758 quae
1317 687 1460 742 simul
1503 687 1657 742 essent
1700 687 1888 740 radices
1929 701 2102 755 aequa-

411 801 615 855 tionum
682 800 970 854 inferiorum
1041 801 1279 871 graduum
1314 840 1330 867 ‚
1395 797 1589 866 signum
1646 794 1857 848 radicale
1904 773 1954 847 ‘⁷5‘
2003 809 2106 847 non

414 884 749 957 implicarent.
841 884 1120 938 Plurimum
1164 885 1205 936 is
1246 880 1492 954 praestare
1541 880 1814 935 censendus
1856 879 1927 933 est
1956 915 1976 946 ‚
2023 878 2108 950 qui

410 970 719 1040 aequationis
783 968 1057 1040 cuiuspiam
1132 966 1318 1023 altioris
1361 963 1534 1037 gradus
1558 1007 1573 1033 ‚
1636 980 1761 1035 quae
1801 965 1853 1015 in
1898 963 2111 1017 sanctores

413 1050 590 1106 resolui
656 1065 869 1122 nequeat
899 1092 915 1117 ,
983 1052 1170 1106 radices
1236 1048 1575 1120 affignauerit:
1644 1065 1796 1119 quam
1864 1047 1931 1102 ob
1995 1061 2109 1101 rem

415 1138 568 1190 etiam
611 1131 721 1188 Cel.
764 1134 1000 1189 Moivreo
1042 1136 1267 1205 ingentes
1304 1133 1551 1187 debentur
1593 1134 1818 1201 gratiae,
1865 1133 1997 1204 quod
2038 1145 2108 1183 ex

415 1218 613 1291 singulis
652 1220 999 1290 aequationum
1044 1219 1273 1293 gradibus
1320 1233 1475 1272 vnam
1520 1217 1805 1274 exhibuerit
1845 1216 1896 1268 in
1947 1216 2112 1268 facto-

413 1319 493 1359 res
536 1302 882 1357 irresolubilem
911 1347 926 1372 ‚
990 1304 1126 1357 cuius
1167 1303 1350 1357 radices
1391 1300 1614 1373 assignari
1657 1300 1856 1371 possunt
1880 1309 1900 1372 ς
1963 1313 2110 1371 atque

421 1388 460 1443 si
497 1389 600 1442 eius
637 1386 883 1442 formulae
925 1388 1069 1446 latius
1132 1398 1360 1463 paterent
1386 1426 1400 1452 ,
1465 1385 1632 1438 multo
1699 1386 1948 1441 maiorem
2009 1384 2109 1438 fine

419 1471 577 1526 dubio
616 1471 767 1526 essent
809 1471 1063 1527 habiturae
1105 1473 1378 1527 Vtilitatem
1409 1515 1423 1539 ,
1467 1469 1588 1523 dum
1634 1483 1807 1523 contra
1853 1470 2111 1539 aequatio-

421 1555 566 1610 nibus
605 1557 654 1607 in
695 1555 904 1608 factores
946 1555 1275 1610 resolubilibus
1315 1558 1369 1608 in
1412 1553 1512 1607 hoc
1552 1555 1763 1627 negotio
1806 1552 1932 1604 nihil
1969 1552 2112 1626 plane

417 1636 753 1713 emolumenti
797 1636 996 1694 attribui
1040 1636 1222 1713 potest.

630 1744 720 1793 18.
768 1739 961 1794 Verum
1006 1751 1316 1795 reuertamur
1358 1742 1419 1795 ad
1463 1742 1601 1797 illam
1647 1743 1869 1797 formam
1925 1743 1990 1796 ab
2047 1744 2115 1799 ir·-

424 1847 754 1906 rationalitate
800 1847 922 1918 figni
972 1825 1024 1894 7⁷¹!
1072 1846 1377 1901 liberandam
1403 1886 1420 1916 ‚
1486 1865 1544 1901 ac
1588 1850 1624 1902 fi
1688 1853 1940 1902 consuetas
2002 1866 2111 1902 me.

428 1934 618 1989 rhodos
662 1932 794 2003 signa
838 1929 1065 1984 radicalia
1121 1932 1415 1985 eliminandi
1475 1932 1823 2001 consulamus,
1884 1934 2116 2003 aequatio

429 2017 665 2072 resultans
704 2015 764 2069 ad
809 2013 1046 2086 plurimas
1096 2014 1428 2070 dimensiones
1491 2018 1785 2087 plerumque
1852 2017 2116 2071 ascendere

428 2102 672 2157 videatur.
738 2097 791 2156 Si
831 2101 970 2153 enim
1016 2100 1225 2154 Vnicum
1267 2100 1445 2154 adeflet
1488 2101 1685 2173 signum
1725 2103 1950 2169 radicale,
1995 2114 2117 2171 puta

434 2188 936 2277 xzoe-i—Qti'sv‚
984 2210 1215 2282 aequatio
1261 2210 1516 2265 rationalis
1563 2212 1625 2265 ad
1694 2227 1725 2263 n
1787 2211 2121 2266 dimensiones

436 2292 584 2364 ipsius
626 2310 665 2348 x
705 2292 1025 2362 ascenderet,
1091 2295 1227 2348 vnde
1269 2310 1326 2348 ea
1371 2294 1434 2347 ad
1481 2295 1646 2349 multo
1690 2296 1854 2366 plures
1922 2297 2118 2350 dimen-

438 2377 598 2434 fiones
640 2377 884 2434 ascensura
927 2377 1123 2432 videtur
1148 2421 1162 2446 ,
1229 2377 1263 2431 fi
1311 2381 1453 2452 plura
1493 2382 1734 2433 eiusmodi
1779 2380 1936 2435 adsint
1991 2382 2122 2452 figna

444 2459 709 2533 radicalia3
771 2463 821 2516 id
860 2462 998 2534 quod
1041 2463 1140 2516 fine
1184 2462 1338 2517 dubio
1380 2465 1583 2519 euenire
1625 2465 1826 2517 deberet
1853 2499 1867 2527 ,
1937 2464 1972 2516 fi
2038 2463 2123 2518 illa

450 2542 583 2613 figna
625 2544 848 2598 radicalia
878 2562 906 2596 a
931 2546 973 2598 st:
1014 2545 1233 2601 inuicem
1280 2549 1473 2618 prorsus
1515 2563 1618 2599 non
1663 2551 1956 2617 penderent.
2021 2546 2121 2602 Sed

452 2623 566 2695 quia
607 2628 777 2680 omnia
819 2629 925 2681 sunt
969 2633 1232 2700 potestates
1277 2631 1473 2701 primi,
1516 2631 1798 2698 ostendam,
1849 2632 2122 2705 persedtam

455 2704 836 2765 rationalitatem
878 2712 1088 2768 obtineri
1135 2715 1268 2789 posse
1291 2751 1307 2778 ‚
1370 2730 1473 2767 non
1516 2716 1643 2769 vltra
1689 2717 1986 2787 potestatem
2031 2729 2129 2768 ex-

454 2791 695 2870 ponentis
755 2807 786 2846 n
846 2795 1169 2880 ἱιίεῑεηςὶετηάοἶ
1290 2796 1372 2855 Ita
1439 2798 1620 2855 scilicet
1670 2801 1866 2857 docebo
1907 2792 2124 2853 formam

2003 2898 2124 2941 x:
