2342 3554
518 284 643 339 494·
1027 253 1658 338 &giemifflgssass

634 402 1453 489 ECLIPSIS
1589 397 2083 479 SOLIS

739 562 1020 620 LIPSIAE
1074 560 1240 620 VISA
1287 557 1509 620 HORIS
1553 557 1978 618 MATVTINIS
2130 631 2132 633 Ι

556 666 619 726 cl.
672 683 765 734 13.
820 666 949 723 Iunii
1010 667 1127 736 styl.
1189 682 1314 722 nou.
1380 677 1546 736 temp.
1594 664 1770 744 uciuilis
1822 681 1906 720 an.
1977 664 2152 730 1760.

1335 854 1370 891 ²

979 983 1052 1043 G.
1138 981 1727 1045 HEINSIO.

493 1150 819 1307 ¹(joelum
865 1179 1016 1219 mane
1060 1162 1271 1219 nubibus
1314 1164 1553 1218 refertum
1598 1163 1691 1215 vix
1760 1159 1904 1231 spem
1971 1159 2191 1233 Eclipfin

689 1248 977 1302 obseruandi
1039 1249 1316 1318 relinquere
1378 1246 1692 1312 videbatur3
1787 1245 1949 1296 hiatus
2018 1259 2190 1298 tamen

465 1342 469 1346 ·
517 1334 690 1403 postea
735 1331 948 1401 agebant
988 1331 1137 1383 nubes
1163 1370 1180 1398 ‚
1247 1341 1306 1381 vt
1351 1327 1528 1381 Solem
1572 1328 1733 1379 versus
1773 1327 1975 1380 initium
2049 1327 2193 1381 Ecli-

518 1416 615 1486 piis
658 1429 744 1484 per
785 1412 1041 1465 interualla
1084 1411 1375 1480 conspicere
1419 1410 1605 1462 liceret.
1716 1409 1821 1463 Hac
1867 1411 2195 1465 circumstan-

518 1500 587 1550 tia
633 1508 893 1567 permotus
937 1493 1144 1547 Tubum
1217 1494 1470 1546 minorem
1538 1492 1740 1563 praetuli
1809 1494 2193 1566 praestantiori,

518 1580 604 1652 qui
647 1581 759 1633 alias
798 1594 894 1648 pro
936 1577 1241 1631 obseruando
1283 1576 1427 1629 initio
1493 1577 1673 1629 certius
1742 1578 1964 1631 adhiberi
2027 1579 2146 1632 solet
2174 1622 2192 1649 ‚

499 1656 620 1732 'vt,
686 1662 949 1717 retinendo
1017 1662 1293 1731 imaginem
1349 1657 1480 1713 Solis
1521 1660 1571 1714 in
1618 1660 1819 1730 largiori
1860 1663 2192 1733 repraesenta·
2283 1701 2288 1706 »

517 1747 672 1802 tionis
715 1762 901 1817 campo
945 1760 1035 1816 pet·
1076 1745 1271 1816 lougius
1329 1744 1569 1815 temporis
1636 1745 1841 1815 spatium
1870 1788 1884 1813 ,
1952 1761 2186 1800 momen·

517 1842 628 1884 tum
673 1831 801 1883 initii
843 1824 985 1883 tutius
1023 1829 1309 1901 exspecstare
1355 1827 1571 1899 poffem.
1701 1828 1826 1883 Vsus
1869 1830 2037 1900 itaque
2082 1830 2188 1884 sum

517 1914 671 1968 Tubo
714 1913 923 1967 terrestri
971 1913 1124 1982 longo
1169 1932 1228 1981 4.
1285 1913 1437 1984 pedes
1501 1912 1739 1966 Parifinos
1805 1930 1915 1966 curn
1986 1915 2190 1984 digit0‚

517 1998 597 2066 qui
662 1998 838 2065 amplo
906 1996 1364 2065 repraesentationis
1429 2009 1617 2062 campo
1688 1995 1945 2046 instructus
1989 1998 2189 2050 obiedita

518 2078 784 2132 secundum
831 2079 1135 2130 diametrum
1189 2095 1282 2143 13.
1328 2075 1520 2130 vicibus
1559 2076 1788 2144 augebat.
1881 2077 2042 2131 Huius
2085 2095 2190 2149 ope

519 2162 626 2215 casu
668 2161 801 2214 felici
842 2163 1030 2214 initium
1072 2160 1283 2230 Eclipfis
1325 2171 1565 2210 annotare
1633 2158 1761 2211 mihi
1831 2159 1972 2212 licuit
2040 2177 2190 2216 mane

517 2245 636 2299 hor.
682 2258 734 2309 7.
786 2240 1059 2309 25‘.34‘'.
1134 2254 1380 2313 temporis
1448 2242 1598 2305 veri,
1663 2254 1766 2296 tam
1812 2243 2061 2312 exacte,
2129 2258 2189 2299 vt

520 2329 754 2399 ingressus
815 2327 988 2380 Lunae
1055 2326 1107 2379 in
1172 2327 1358 2379 discum
1423 2321 1552 2378 Solis
1614 2326 1675 2378 ad
1748 2327 1920 2380 instans
1964 2329 2091 2397 quasi
2136 2330 2188 2383 in

420 2406 432 2418 ‘
521 2413 692 2465 oculos
756 2414 1040 2466 incurreret.
1167 2409 1321 2464 Paulo
1388 2409 1499 2480 post
1566 2408 1764 2462 initium
1833 2412 1992 2479 {piffae
2037 2413 2191 2467 nubes

521 2494 693 2552 Solem
736 2496 996 2563 subibant,
1063 2507 1112 2547 et
1153 2494 1550 2547 obseruationum
1598 2494 2026 2548 continuationem
2099 2512 2188 2567 per

522 2596 677 2633 omne
720 2580 958 2649 reliquum
1007 2579 1216 2650 Eclipsis
1259 2591 1461 2647 tempus
1500 2577 1877 2645 impediebant,
1922 2578 2040 2632 licet
2078 2579 2187 2646 Sol,

525 2680 618 2735 per
689 2680 843 2734 pauca
911 2676 1079 2717 tamen
1150 2676 1457 2733 momenta,
1516 2675 1872 2731 nonnunquam
1914 2677 1942 2713 e
1985 2663 2188 2717 nubibus

526 2760 852 2816 erumperet,
914 2759 963 2800 et
1026 2746 1197 2816 phafin
1266 2745 1416 2797 oculo
1484 2747 1617 2797 nudo
1678 2761 1768 2814 per
1826 2746 1974 2798 nubes
2015 2758 2189 2800 tenues

527 2830 827 2885 ostenderet.
952 2827 1219 2884 Correc‘tio
1291 2833 1532 2900 temporis
1597 2831 1647 2883 in
1688 2829 1875 2883 duobus
1915 2829 2191 2898 horologiis

2045 2909 2187 2965 oscil-
