2342 3554
492 280 621 344 3¹⁶
1122 275 1275 345 “⁹5³2ss
1319 272 1340 339 (
1385 288 1422 326 0
1468 269 1487 346 )
1535 273 1688 341 &iem

761 418 832 496 Ε
889 416 980 496 Μ
1038 421 1100 499 Ε
1156 416 1231 506 Ν
1289 416 1367 494 D
1424 415 1505 495 A
1562 415 1646 493 T
1703 419 1735 496 1
1799 417 1877 496 O

667 556 1386 619 MICROSCOPII
1472 552 1948 619 SOLARIS.

1154 731 1503 787 Auecore

872 851 888 867 ''
942 859 1012 913 F.
1091 857 1165 914 V,
1245 854 1317 914 Τ.
1404 853 1712 914 ΛΕΡῙΝΟ.

491 942 722 1138 Qui
766 993 830 1048 de
873 994 1209 1065 microscopio
1251 994 1434 1065 solari,
1486 1009 1631 1067 atque
1671 996 1862 1052 laterna
1923 987 2164 1066 magica,

716 1079 1150 1148 repraesentationi
1211 1078 1533 1134 obiectorum
1602 1096 1706 1134 non
1787 1078 2154 1150 diaphanorum

487 1162 568 1214 stu
612 1177 882 1231 opacorum
929 1175 1043 1233 apta
1071 1205 1086 1231 ‚
1128 1164 1413 1231 cogitauit,
1477 1164 1667 1232 primus
1710 1162 1810 1214 fine
1869 1160 2023 1213 dubio
2088 1159 2159 1212 est

489 1242 574 1298 Ill.
621 1243 826 1309 Eulerus
854 1284 869 1309 ,
908 1247 1041 1297 cuius
1097 1244 1427 1307 Dissertatio,
1495 1245 1589 1296 sub¹
1621 1246 1803 1299 titulo:
1869 1244 2156 1297 Emendatio
2218 1286 2219 1289 ,

489 1327 746 1382 Laternae
785 1327 1002 1398 magicae
1068 1335 1119 1381 et
1173 1322 1492 1399 Microscopii
1530 1323 1716 1399 solaris
1742 1367 1757 1394 ,
1821 1328 1994 1379 inserta
2078 1338 2157 1378 no-

491 1426 663 1465 vorum
728 1411 1191 1465 Commentariorum
1261 1412 1564 1465 Academiae
1607 1412 1790 1466 nolirae
1829 1411 1977 1465 Tomo
2017 1409 2116 1465 111
2145 1448 2163 1477 ‚

488 1495 826 1548 incommoda
869 1509 917 1548 et
960 1493 1079 1546 vitia
1124 1493 1380 1563 Vtriusque
1422 1494 1734 1547 instrumenti
1777 1492 1994 1547 recenset
2020 1535 2035 1561 ,
2081 1488 2162 1545 at-

487 1593 585 1648 que
625 1577 995 1630 commonstrat
1018 1616 1033 1642 ,
1076 1575 1309 1646 pleraque
1356 1577 1540 1628 exinde
1566 1577 1685 1628 oriri
1717 1618 1732 1642 ‚
1774 1578 1907 1646 quod
1933 1576 2157 1644 obieeta,

487 1675 595 1712 non
635 1660 685 1712 in
728 1676 785 1712 ea
828 1671 969 1729 parte
999 1692 1014 1722 ‚
1088 1675 1212 1728 quae
1254 1658 1370 1711 lenti
1437 1658 1730 1729 refringenti
1794 1660 1863 1713 est
1930 1659 2158 1727 obuersa,

487 1742 567 1797 sed
613 1743 664 1794 in
707 1742 860 1796 altera
885 1755 1054 1812 parte,
1100 1740 1258 1796 auersa
1286 1757 1493 1813 nempe,
1522 1741 1886 1809 illuminantur,
1910 1742 2047 1796 vnde
2072 1741 2157 1795 hic

488 1827 754 1897 praecipue
799 1826 955 1878 oritur
998 1823 1218 1878 defeetus
1243 1864 1257 1891 ,
1303 1827 1439 1896 quod
1482 1827 1674 1895 vulgari
1731 1842 1874 1879 more
1937 1826 2161 1879 constru-

488 1909 571 1962 ἀει
615 1907 942 1978 microstopia
985 1906 1148 1960 solaria
1171 1943 1188 1972 ,
1229 1921 1310 1960 aut
1352 1909 1560 1962 laternae
1589 1911 1836 1981 magicae,
1861 1908 2166 1962 exhibendis-

493 1990 702 2042 obieffls
743 2005 845 2041 non
882 1988 1182 2061 pellucidiS,
1227 1991 1441 2040 omnino
1483 1990 1576 2043 smt
1619 1992 1798 2060 inepta,

648 2071 742 2124 Vir
786 2071 846 2124 ad
889 2069 1128 2140 Opticam
1171 2071 1504 2124 excolendam
1549 2085 1689 2124 natue
1712 2113 1727 2137 ,
1784 2069 2157 2126 Celeberritnus

491 2153 806 2214 lieberkz't'hn
834 2194 848 2217 ‚
891 2152 1024 2208 suam
1068 2170 1172 2205 non
1217 2154 1475 2207 desiderari
1521 2154 1677 2224 paffus
1718 2155 1783 2208 est
1827 2156 2160 2224 diligentiam,

492 2240 546 2294 in
587 2237 897 2310 perficiendo
939 2235 1267 2288 instrumento
1302 2278 1318 2307 ‚
1377 2237 1513 2289 cuius
1565 2238 1805 2289 inuentor
1845 2237 1929 2289 est.
2017 2236 2162 2291 Post-

491 2339 642 2393 quam
689 2336 878 2390 nempe
925 2317 1135 2373 Eulerus
1178 2320 1422 2373 laternam
1467 2320 1719 2390 magicam
1755 2360 1771 2387 ,
1836 2320 2005 2390 opacis
2059 2319 2159 2374 obf-

490 2406 628 2461 iee‘tis
670 2402 993 2476 depingendis
1035 2402 1268 2456 idoneam
1297 2445 1310 2470 ,
1355 2402 1486 2456 felici
1531 2421 1646 2457 cum
1693 2403 1904 2456 successu
1938 2403 2156 2458 construi

490 2489 667 2543 fecerat
685 2531 700 2561 ,
742 2484 1123 2543 Lieberktzhnius
1146 2488 1302 2540 etiam
1329 2488 1716 2558 microstopium
1744 2486 1892 2540 solare
1914 2488 2157 2557 imagina-

491 2583 566 2626 tus
607 2571 674 2624 est
701 2615 714 2639 ,
756 2585 901 2642 atque
944 2570 1156 2624 confecit
1185 2614 1198 2640 ,
1263 2572 1398 2640 quod
1464 2572 1664 2625 obieeta
1732 2587 1840 2625 non
1913 2569 2164 2642 pellucida

492 2656 883 2726 repraesentaret.
997 2653 1049 2706 T
1050 2653 1159 2707 estis
1212 2654 1316 2706 sum
1356 2655 1500 2709 huius
1542 2658 1619 2709 rei
1662 2654 1762 2708 fide
1806 2655 1984 2725 dignus
2009 2698 2026 2725 ,
2071 2656 2158 2726 qui

494 2739 617 2793 non'
646 2737 804 2791 solum
850 2752 921 2790 ex
961 2733 1072 2788 Viri
1118 2738 1424 2806 integerrimi
1468 2755 1553 2792 ore
1623 2738 1723 2792 hoc
1790 2740 2008 2809 accepi,
2074 2737 2161 2791 sed·

493 2822 656 2898 ipsum
697 2837 893 2893 quoque
938 2819 1316 2875 instrumentum
1360 2823 1583 2878 inanibus
1625 2821 1958 2879 contreetaui.
2045 2820 2158 2874 Mi-

1982 2905 2156 2961 rabum
