2342 3554
475 269 591 321 270
996 255 1142 312 DE
1223 248 1580 312 MOTV

467 405 569 472 ab,
592 402 691 468 ba,
721 404 830 476 αβ,
856 402 938 456 vel
975 403 1149 474 dup10‚
1179 405 1263 458 vel
1301 403 1481 473 triple,
1504 401 1586 455 vel
1626 402 1923 476 quadrup10‚
1949 401 2119 460 minoi

470 504 523 539 ra
552 524 567 551 ‚
608 502 713 539 tum
760 501 865 539 tota
909 488 1058 541 corda
1114 490 1260 541 toties
1326 488 1547 557 rapidius
1603 490 1963 542 contremiscet.
2031 491 2117 544 Eo

474 571 614 621 enim
660 581 930 638 tempore,
980 571 1109 640 quod
1153 571 1428 639 generatim
1476 571 1561 621 vni
1605 570 1867 622 vibra-tioni
1912 571 2120 642 affigna-

471 652 639 704 vimus
667 694 683 719 ‚
726 655 827 704 iam
872 653 989 705 duas
1014 692 1030 717 ‚
1073 652 1155 704 vel
1200 666 1292 704 tres
1328 694 1341 719 ,
1382 651 1463 705 vel
1508 664 1714 720 quatuor
1767 653 1985 706 absoluet
2041 654 2116 707 vi-

474 733 734 787 brationes,
822 734 958 806 Quin
1003 736 1156 786 etiam
1202 737 1403 787 euenire
1442 734 1639 804 potest,
1683 747 1742 787 vt
1784 736 1933 789 coi-da
1977 736 2119 792 fimul

471 816 592 867 duos
648 815 865 884 pluresue
921 817 1203 870 huiusmodi
1272 830 1434 870 motus
1499 817 1739 886 recipiat,
1804 818 2119 888 totidemque

473 897 619 949 sonos
664 897 875 949 diuersos
913 899 1044 952 edat.
1128 899 1354 952 Omnino
1396 900 1543 969 igitur
1583 899 1723 952 huius
1771 901 1965 970 generis
2013 917 2124 955 cot-

468 978 643 1032 darum
693 992 858 1032 motus
897 981 1040 1034 simili
1083 982 1240 1035 modo
1284 982 1377 1035 erit
1417 995 1767 1051 comparaturi,
1810 999 1913 1053 quo
1946 984 2125 1038 corda-

469 1077 586 1113 rum
631 1062 947 1116 vniformiter
987 1066 1246 1117 crassatum
1275 1105 1290 1130 ‚
1356 1064 1457 1117 hoc
1497 1064 1604 1116 solo
1655 1077 1879 1132 excepto
1903 1097 1919 1127 ‚
1988 1064 2120 1133 quod

473 1159 571 1213 pro
610 1149 744 1195 vatia
787 1145 1094 1214 longitudine
1138 1159 1332 1213 tempus
1376 1144 1805 1201 vibratiouis,non
1853 1145 2120 1215 longitudi-

473 1226 567 1291 ni8‚
594 1225 835 1278 rationem
879 1227 1133 1293 sequatur:
1180 1226 1405 1294 hancque
1448 1226 1514 1276 ob
1557 1228 1746 1278 caulam
1793 1225 1912 1280 istud
1972 1243 2121 1295 genus

471 1307 732 1359 cordarum
776 1307 1003 1360 maxime
1041 1308 1245 1378 dignum
1289 1307 1355 1361 est
1397 1305 1577 1376 vistim,
1618 1308 1754 1363 cuius
1793 1321 1964 1365 motus
2003 1308 2121 1363 dili-

468 1390 667 1458 gentius
706 1389 1027 1445 euolueretur.

675 1561 769 1613 37.
832 1547 1110 1603 Verisimile
1174 1548 1241 1601 est
1269 1584 1283 1613 ,
1364 1561 1556 1619 praeter
1599 1554 1769 1605 cordas
1814 1547 2128 1609 vniformitet

470 1629 685 1700 crafflS‚
729 1642 782 1683 et
821 1646 902 1682 eas
931 1672 946 1698 ‚
989 1647 1104 1700 quas
1146 1630 1383 1683 hactenus
1426 1633 1527 1684 sum
1570 1635 1975 1704 contemplatus,
2016 1636 2128 1689 alias

476 1712 667 1782 prorsus
710 1728 812 1764 non
854 1712 958 1765 dari
983 1748 1000 1778 ,
1040 1729 1161 1783 quae
1204 1712 1311 1766 talis
1355 1726 1527 1767 motus
1570 1718 1797 1785 regularis
1834 1717 1924 1771 sint
1979 1734 2129 1787 capa-

478 1810 597 1857 ceS,
656 1795 892 1864 simulque
931 1797 1071 1848 sonos
1111 1795 1431 1848 harmonicos
1471 1798 1619 1849 edere
1681 1799 1896 1852 valeant.
1985 1802 2126 1854 Tum

479 1878 658 1941 etiam,
700 1876 736 1928 fi
780 1877 988 1929 variatio
1031 1875 1249 1929 craffitiei
1290 1878 1434 1930 aliam
1479 1879 1640 1946 legem
1700 1880 1919 1949 sequatur
1944 1919 1957 1946 ,
1998 1882 2126 1935 nulla

481 1969 613 2026 patet
655 1958 733 2008 via
779 1959 838 2009 ad
880 1971 1077 2009 motum
1124 1959 1172 2008 in
1240 1973 1417 2026 genere
1485 1959 1866 2025 definiendum,
1934 1964 1999 2014 ita
2070 1975 2125 2015 vt

482 2037 666 2107 figurae
707 2038 977 2107 cuicunque
1005 2080 1020 2106 ,
1062 2054 1184 2107 quae
1228 2039 1407 2091 cordae
1451 2041 1595 2093 initio
1617 2042 1762 2094 fuerit
1805 2044 1978 2096 tributa
2008 2087 2020 2108 ,
2046 2060 2125 2097 re·

482 2120 758 2189 spondeat3
804 2122 998 2173 interim
1029 2132 1197 2173 tamen
1221 2121 1350 2172 castis
1392 2121 1618 2175 exhiberi
1665 2124 1889 2194 possunt,
1932 2126 2130 2194 quibuS,

483 2201 520 2255 si
563 2202 714 2272 figura
760 2202 958 2254 initialis
999 2205 1146 2254 certis
1183 2203 1546 2256 conditionibus
1588 2205 1643 2257 fit
1695 2208 1941 2275 praedita,
2009 2223 2129 2260 mo·

485 2296 591 2337 tum
636 2286 907 2336 secuturum
953 2283 1179 2353 affignare
1222 2285 1382 2337 liceat.
1477 2286 1614 2339 Haec
1651 2300 1822 2342 autem
1864 2289 2129 2360 inuestiga-

486 2369 558 2419 tio
601 2383 704 2418 non
749 2368 902 2419 solum
949 2379 1205 2436 tantopere
1248 2367 1315 2419 est
1357 2369 1572 2422 restritsta
1599 2411 1615 2436 ,
1688 2385 1745 2423 vt
1799 2372 1987 2426 nullum
2031 2389 2125 2425 vn-

487 2465 634 2519 quam
680 2449 819 2502 vsum
869 2448 1050 2502 habete
1091 2450 1354 2518 videatur,
1425 2452 1502 2505 sed
1567 2453 1720 2505 etiam
1777 2455 2127 2523 disquisitiones

489 2529 806 2600 amplissimas
849 2532 1010 2602 exigit
1035 2573 1050 2599 ‚
1117 2548 1238 2602 quae
1279 2534 1405 2587 casus
1454 2537 1764 2606 aequ-ationis
1810 2539 2127 2595 Riccatianae

490 2612 821 2666 construibiles
863 2615 1142 2683 implicant.
1201 2615 1378 2685 Longe
1420 2621 1590 2671 autem
1635 2617 1928 2672 difficillima
1983 2623 2127 2674 vide·

491 2695 619 2746 bitur
659 2694 875 2762 quaestio
904 2735 919 2760 ‚
961 2696 996 2748 si
1037 2697 1214 2749 cordae
1255 2699 1485 2753 craffities
1529 2700 1717 2754 nullam
1763 2702 1923 2772 legem
1968 2704 2130 2755 calcu·

489 2776 548 2831 lo
590 2775 850 2830 subiectam
892 2777 1148 2848 sequatur:
1193 2779 1347 2834 veluti
1389 2783 1423 2836 si
1467 2785 1590 2839 duae
1635 2783 1809 2838 cordae
1854 2785 2127 2839 vniformes

2018 2866 2120 2936 qui·
