2342 3554
505 325 624 379 344
818 304 1843 369 EXPERIMENTA.

501 458 665 527 hunc,
710 476 837 514 mox
881 459 1167 532 oppofitum
1217 458 1428 532 praestet
1470 456 1728 513 effectum.
1814 456 1987 514 Etiam
2028 456 2155 514 haec

503 544 752 598 ratiocinia
797 560 892 616 per
932 544 1299 617 experientiam
1342 544 1671 616 comprobata
1714 542 1836 596 sunt.

1095 711 1364 816 Exper.
1480 706 1565 784 11.

693 845 922 917 „Aliqua
995 842 1198 898 filorum
1267 846 1353 919 αβ
1376 882 1391 901 ,
1464 841 1624 914 qualia
1689 841 1742 897 in
1805 842 2162 915 experimento·

499 926 875 999 &praecedente
930 928 1251 982 adhibueram
1281 970 1295 996 ‚
1361 926 1619 998 ignitionis
1682 941 1779 996 ope
1803 963 1818 994 ‚
1881 928 2154 983 admodum

505 1012 730 1083 „mollia
775 1013 1066 1065 reddebam.
1154 1011 1396 1065 Admotis
1434 1023 1540 1063 tum
1588 1009 1843 1080 virgarum
1871 1009 2173 1081 AC‚BD‚„

502 1097 794 1162 „extremis
837 1093 977 1164 AB,
1024 1092 1130 1164 Fig.
1177 1113 1232 1148 2..
1290 1095 1359 1148 ita
1403 1092 1685 1166 propinque
1726 1093 1788 1146 ad
1829 1095 1875 1145 se
1916 1097 2159 1164 inuicem,

498 1188 605 1244 „vt
671 1178 723 1230 in
794 1177 889 1231 filo
930 1177 1156 1246 duriori,
1197 1178 1364 1248 prouti
1433 1179 1485 1227 in
1547 1189 1725 1243 expet.
1768 1173 1816 1226 Ι,
1859 1177 2158 1245 accidebat,

506 1259 789 1327 „effec'tum
834 1263 898 1312 du
940 1260 1144 1326 Fayano
1187 1258 1488 1327 contrarium
1534 1254 1866 1325 producerent
1893 1297 1910 1324 ‚
1977 1259 2157 1312 seruata

503 1341 651 1408 „hac
721 1341 940 1395 distantia
972 1375 986 1404 ‚
1060 1339 1201 1393 filum
1270 1339 1426 1393 molle
1494 1338 1755 1392 tentamini
1813 1337 2158 1410 adhibebam,

503 1436 757 1494 „tumque
826 1436 1024 1476 euentus
1059 1458 1074 1487 ‚
1148 1423 1499 1491 experimento
1564 1421 1626 1474 du
1693 1418 1898 1489 Fayano
1965 1424 2158 1496 penitus

502 1506 852 1577 „consentiens
877 1547 893 1575 ‚
937 1503 1412 1577 deprehendebatur.

692 1651 870 1709 Simile
910 1655 1024 1726 quid
1052 1696 1067 1725 ‚
1126 1655 1268 1726 quale
1311 1653 1363 1706 in
1406 1650 1506 1706 hoe
1562 1653 1922 1725 experimento
1962 1655 2161 1709 contin·

490 1738 607 1810 git,
648 1738 742 1791 alia
784 1755 978 1811 quoque
1047 1742 1241 1791 ratione
1305 1736 1522 1790 obtineri
1587 1739 1744 1808 potest
1769 1779 1784 1806 ,
1849 1749 1909 1789 vt
1974 1754 2161 1810 nempe

495 1824 632 1875 idem
674 1838 877 1891 magnes
937 1823 991 1875 in
1034 1822 1150 1874 bina
1204 1821 1511 1874 ferramenta
1567 1821 1748 1874 diuersa
1795 1822 1986 1890 prorsus
2034 1838 2155 1875 con-

495 1905 703 1957 trarium
749 1906 863 1958 edat
929 1903 1186 1959 effectum.
1302 1900 1684 1958 Commonstrat
1749 1904 1849 1956 hoc
1880 1946 1897 1972 ,
1960 1905 2157 1976 sequens

497 1987 905 2056 experimentum
935 2002 947 2035 ε

1110 2063 1383 2168 Exper.
1473 2062 1588 2141 ΙΙΙ.

692 2177 907 2247 „Pilum
972 2177 1186 2232 ferreum
1249 2173 1410 2231 molle
1479 2181 1574 2250 αβ
1621 2172 1640 2246 (
1686 2176 1790 2243 Fig.
1853 2192 1908 2228 2.
1951 2177 2153 2232 Differt.

498 2305 533 2335 ‚‚
549 2260 824 2334 praeced.)
871 2262 1118 2329 stringatur
1159 2273 1406 2330 magnete,
1433 2277 1577 2312 more
1620 2259 1682 2312 du
1717 2259 1766 2312 F
1767 2274 1922 2319 avano
1948 2302 1962 2328 ,
2005 2259 2154 2330 eliga-

509 2358 635 2417 „tur
679 2361 803 2398 vero
851 2344 957 2396 talis
1010 2343 1208 2413 mitae,
1248 2361 1394 2414 quam
1439 2344 1674 2414 percurrit
1716 2345 1851 2416 αβ,
1919 2343 1983 2397 ab
2048 2342 2157 2398 AB

501 2428 763 2496 „distantia
793 2470 809 2496 ‚
871 2440 927 2480 vt
992 2425 1117 2479 haec
1157 2427 1292 2481 recta
1335 2429 1420 2481 fita
1484 2426 1685 2498 quidem
1753 2428 1811 2480 fit
1876 2427 1927 2479 in
1995 2426 2156 2498 spatio

511 2510 746 2583 „ngss
783 2553 798 2582 ‚
842 2510 909 2563 ast
952 2509 1119 2565 restae
1146 2512 1237 2585 fg
1277 2512 1334 2565 s1t
1376 2510 1482 2564 satis
1521 2511 1800 2581 propinqua
1827 2552 1841 2577 ‚
1911 2521 1963 2561 et
2007 2509 2154 2563 filum

502 2613 585 2664 „a
611 2595 649 2667 β
691 2595 789 2647 iam
832 2609 891 2647 ea
935 2595 1123 2648 ratione
1154 2593 1630 2665 magnetificabitur,
1688 2605 1744 2646 vt
1787 2606 2074 2647 extremum
2118 2611 2156 2647 α

487 2678 671 2749 „polo
718 2683 761 2729 Α
790 2713 804 2742 ,
847 2688 1134 2731 extremum
1181 2679 1221 2750 β
1267 2676 1393 2749 polo
1434 2675 1480 2730 B
1523 2677 1701 2731 euadat
1758 2675 2153 2746 homogeneum.

506 2761 687 2831 „Tum
734 2759 874 2814 filum
902 2797 917 2819 ,
960 2776 1030 2813 ex
1067 2761 1251 2814 duriori
1319 2762 1544 2815 constans
1582 2761 1714 2815 ferro
1736 2795 1752 2817 .
1816 2761 1998 2831 prioris
2039 2759 2155 2811 loco

506 2845 877 2914 ‚,adhibeatur‚
918 2854 970 2899 et
1013 2855 1266 2915 percurrat
1310 2843 1522 2899 eandem
1584 2843 1772 2900 rectam
1805 2883 1821 2912 ,
1880 2858 1937 2905 ac
2005 2835 2153 2894 filum

1957 2957 1994 2993 ,‚
2024 2922 2159 2976 mol·
