2342 3554
464 301 547 356 40
1023 273 1182 356 2⁹3³.ss
1224 276 1244 358 l
1282 294 1326 336 >0
1372 282 1394 351 (
1438 269 1591 353 ‘ek->3⁴2

467 430 788 491 haereditaria
829 433 1124 505 poll'essrone
1171 433 1398 490 cesserint
1438 434 1571 488 Viro
1609 427 1790 486 Illustri
1821 426 2001 485 Carolo
2026 426 2077 484 F
2077 428 2145 482 ri-

465 520 627 575 aerico
668 513 821 587 Kruse
850 561 864 588 ‚
917 515 1323 574 AVGVSTAE
1381 516 1631 574 omnium
1685 515 1964 572 Ruffiarum
2030 512 2149 567 IM-

466 602 903 661 PERATRICIS
949 604 1216 658 Archia-tro
1260 621 1314 661 ac
1370 600 1670 657 Confiliario
1726 599 1886 655 Status
1927 596 2104 652 actuali
2134 638 2149 664 ,

468 689 770 745 Academiae
850 687 1124 761 Imperialis
1188 688 1520 743 scientiarum
1603 685 1760 741 Socio
1788 725 1802 744 ,
1872 682 2152 739 Hermanni

468 773 622 838 Kaau
665 769 931 830 Boerhauii
973 790 1160 848 genero
1185 811 1198 830 ‚
1239 773 1321 843 qui
1349 811 1364 836 ‚
1402 773 1546 844 ,quod
1592 767 1918 826 Abrahamus
1973 773 2152 821 animo

467 870 808 930 conceperat,
854 871 904 910 at
946 860 1213 911 immatura
1261 868 1425 908 morte
1468 856 1630 908 facere
1697 853 1974 921 prohibitus
2042 849 2154 905 est.

465 941 642 1011 scripta
687 940 1037 996 Boerhaztiaena
1066 982 1079 1006 ‚
1126 941 1327 1009 publico
1367 938 1723 991 emolumento
1772 935 2003 1000 liudem,
2064 932 2154 986 fin-

471 1024 686 1095 gillatim
733 1026 865 1076 edet.
957 1024 1181 1077 Primum
1224 1021 1374 1086 hoc„
1417 1021 1550 1090 quod
1591 1018 1948 1093 *praedicamus
1973 1054 1989 1075 ,
2041 1015 2156 1086 spe-

468 1109 637 1162 cimen
699 1107 953 1172 ostendit,
1010 1107 1134 1176 quid
1190 1104 1497 1174 inposterum
1543 1103 1816 1176 expectare
1870 1101 2155 1156 debeamus,

476 1190 761 1248 Academia
804 1205 907 1244 non
953 1189 1116 1261 potest
1162 1203 1264 1241 non
1304 1187 1526 1241 lubenter
1569 1189 1786 1258 reprere
1840 1187 1961 1240 etin
1988 1184 2161 1256 publi-

475 1291 597 1329 cum
644 1275 787 1326 Trium
835 1279 1068 1330 emittere
1115 1273 1290 1344 scripta
1338 1274 1472 1338 viri,
1538 1288 1690 1343 quem
1739 1272 1867 1324 inter
1923 1266 2158 1338 Collegae

472 1358 734 1431 quondam
782 1358 885 1410 suos
930 1357 1206 1420 numerass‘e
1239 1358 1421 1410 honori
1465 1356 1554 1410 fibi
1598 1357 1751 1409 ducit.
1836 1354 2163 1426 Scopustan-

479 1456 653 1498 torum
697 1436 952 1497 Mercurio
990 1442 1331 1512 impensorum
1376 1440 1604 1497 laborum
1648 1440 1732 1496 hic
1774 1441 1896 1508 suit,
1943 1453 2000 1493 vfft
2038 1453 2160 1491 con-

484 1527 630 1582 staret
656 1565 670 1585 ,
720 1527 837 1597 quid
905 1527 965 1580 de
1010 1524 1256 1597 promiffis
1299 1524 1723 1586 Alclremistarum
1752 1563 1768 1582 ,
1821 1524 2163 1588 fixationem,

480 1611 833 1666 solidationem
860 1651 876 1678 ‚
931 1612 1419 1672 transformationem
1451 1651 1468 1679 ‚
1523 1609 1762 1665 Mercurii
1832 1610 2118 1663 irritantium
2148 1647 2167 1674 ‚

477 1692 670 1764 sperare
713 1692 779 1744 fas
819 1694 890 1743 fit.
976 1694 1072 1757 Si,
1148 1696 1283 1761 quod
1352 1694 1603 1743 nonnullis
1667 1693 1866 1759 placet,
1934 1693 2165 1760 primum

485 1775 817 1844 fauorabiliter
857 1774 994 1826 senfit
1035 1776 1098 1827 de
1141 1776 1220 1825 via
1251 1813 1266 1838 ‚
1321 1772 1563 1826 Mercurii
1609 1789 1742 1841 ope,
1779 1775 1838 1825 ad
1884 1789 2123 1842 magnum
2148 1815 2166 1841 ,

487 1858 625 1930 quod
666 1867 890 1923 vocant,
936 1871 1064 1926 opus
1100 1855 1311 1919 ducente
1337 1892 1352 1919 ,
1406 1855 1583 1929 procul
1626 1855 1780 1907 dubio
1826 1856 1887 1907 ad
1913 1856 2168 1913 mirabiles

488 1943 629 2009 huius
672 1938 866 1995 metalli
910 1940 1166 2010 qualitates
1205 1937 1461 2009 respexit,
1528 1953 1651 2009 quae
1692 1953 1796 2009 quo
1864 1938 2172 1998 difficiliores

491 2028 646 2088 essent
689 2023 947 2096 explicatu
973 2067 987 2095 ‚
1034 2039 1098 2077 eo
1143 2024 1303 2095 magis
1344 2022 1569 2077 inducere
1613 2023 1884 2098 debuerunt
1926 2023 2169 2078 sincerum

488 2123 636 2182 atque
678 2110 901 2168 veritatis
946 2120 1207 2163 amantem
1255 2108 1420 2164 virum
1447 2150 1463 2177 ‚
1506 2119 1565 2160 vt
1607 2124 1708 2161 non
1761 2124 1970 2162 omnem
2023 2125 2174 2180 pror-

494 2195 574 2250 sus
612 2193 769 2249 fidem
811 2195 1075 2266 denegaret
1126 2193 1380 2264 exemplis
1407 2234 1422 2263 ‚
1494 2192 1557 2245 de
1621 2192 1833 2253 metallo
1900 2191 2173 2247 hermetica

499 2290 606 2340 arte
651 2290 827 2350 parato
870 2278 1028 2331 affierri
1070 2276 1231 2330 solitis,
1298 2275 1587 2348 Philosophi
1629 2277 1698 2330 est
1743 2278 1791 2330 in
1837 2277 2042 2330 dubium
2078 2293 2176 2330 vo-

499 2378 654 2431 care,
699 2379 822 2434 quae
868 2377 971 2425 non
1014 2361 1294 2430 intelligit,
1345 2374 1429 2414 aut
1472 2377 1596 2432 quae
1659 2361 1916 2432 explicare
1980 2360 2172 2434 nescit3

500 2462 678 2516 negare
722 2462 826 2497 non
871 2444 1014 2497 item.
1121 2445 1209 2509 Ad
1251 2442 1352 2500 hoc
1395 2445 1654 2516 requiritur
1683 2485 1702 2516 ,
1750 2457 1808 2499 vt
1853 2443 2178 2514 impoffibili-

503 2539 664 2589 tatem
708 2527 1042 2582 demonstrare
1086 2527 1273 2581 valeat.
1357 2526 1417 2584 Id
1463 2541 1631 2584 autem
1673 2528 1745 2580 est
1772 2569 1787 2594 ,
1830 2528 1963 2596 quod
1993 2525 2176 2582 millies

507 2623 557 2665 et
611 2612 780 2672 nonies
823 2611 1038 2682 repetita
1083 2613 1431 2683 experimenta
1475 2610 1833 2681 Philosophum
1881 2610 2172 2665 docuerunt.

509 2696 800 2755 Obseruauit
845 2711 1089 2766 namque,
1131 2696 1471 2752 Mercurium,
1523 2694 1678 2748 varias
1723 2694 1838 2752 licet
1881 2695 2174 2748 induentem

510 2779 776 2856 personas,
817 2779 883 2833 ast
933 2795 984 2833 re
1028 2780 1127 2850 ipsa
1170 2777 1540 2836 immutabilem
1566 2820 1582 2847 ‚
1655 2778 2036 2833 vehementiore
2093 2778 2176 2831 ni-

507 2857 697 2936 mirum
741 2866 865 2938 ignis
901 2863 1116 2937 actione,
1140 2866 1192 2920 in
1235 2862 1490 2938 pristinam
1534 2860 1728 2936 semper
1752 2861 1968 2918 sormam
1992 2861 2174 2920 redire.

2037 2946 2180 3018 Ergo
