2342 3554
498 273 608 334 246
998 261 1188 343 ἢέἒέἐῗζέ
1236 265 1262 335 <⁴
1286 283 1332 319 0
1378 264 1397 338 )
1442 246 1624 341 &324⁴

485 493 581 569 Μ
638 497 714 573 o
777 495 852 571 T
910 494 982 567 v
1099 491 1171 571 v
1222 413 1594 569 1DBERA
1638 491 1825 571 To
1870 488 1938 569 Β,
1991 488 2142 568 ro

568 607 1168 667 -CORDARVM
1238 604 2058 680 INAEQVALITER

1003 689 1644 750 CRASSARVM.

1182 818 1462 873 Auctore
1581 861 1584 863 .

992 929 1053 983 L.
1140 923 1621 983 EVLERO.

1297 1050 1351 1086 Ξ.

487 1126 759 1319 'Quae
804 1176 1021 1246 primum
1065 1191 1094 1227 a
1139 1172 1345 1242 Tayloro
1396 1173 1521 1226 circa
1576 1170 1739 1226 casum
1807 1168 2143 1228 vibrationum

717 1260 1034 1329 (iugularem,
1089 1268 1196 1310 tum
1243 1272 1369 1309 vero
1411 1257 1701 1327 generaliter
1746 1274 1772 1309 a
1823 1253 1934 1307 Cel.
1979 1253 2144 1307 Alem-

488 1344 623 1397 berto
668 1358 718 1396 et
757 1359 783 1397 a
836 1358 917 1395 me
962 1341 1064 1393 sunt
1105 1341 1429 1409 inuestigata,
1493 1341 1555 1392 ad
1599 1340 1770 1392 cordas
1822 1354 1912 1409 per
1978 1349 2144 1390 totam

489 1427 854 1496 longitudinem
899 1424 1162 1492 aequaliter
1212 1424 1385 1475 craffas
1445 1421 1797 1491 restringuntur
1825 1461 1842 1491 ‚
1905 1436 1976 1474 ex
2042 1434 2148 1489 quo

487 1509 638 1560 etiam
682 1508 873 1577 regulae
901 1548 917 1576 ‚
961 1522 1057 1574 pro
1098 1505 1395 1557 formatione
1455 1505 1554 1557 soni
1601 1507 1717 1558 inde
1761 1505 1978 1574 petitae,
2016 1503 2146 1554 vltra

483 1589 589 1642 vhoc
633 1593 894 1643 cordarum
939 1603 1088 1656 genus
1126 1589 1328 1641 extendi
1375 1602 1472 1638 non
1519 1587 1731 1654 poffunt.
1843 1585 1923 1638 Ita
1978 1584 2145 1652 regula

487 1673 680 1726 inuenta
721 1711 733 1730 ‚
769 1673 901 1741 quod
945 1683 1145 1740 tempus
1187 1669 1415 1740 cuiusque
1459 1669 1747 1721 vibrationis
1787 1668 1968 1722 cordae
1994 1706 2010 1735 ‚
2058 1682 2149 1719 cu·

487 1755 558 1809 ius
599 1755 858 1826 longitudo
902 1768 1024 1807 :a
1051 1763 1086 1817 ,·
1115 1754 1308 1822 pondus
1351 1769 1417 1806 :z
1442 1752 1501 1807 M
1528 1789 1544 1821 ‚
1587 1766 1637 1806 et
1681 1753 1759 1806 vis
1800 1751 2003 1805 tendens
2033 1760 2149 1803 cor-

488 1853 604 1908 dam
649 1851 773 1905 :F
795 1891 809 1915 ‚
842 1849 906 1901 ‘fit
959 1831 1205 1925 :Vgssssg
1265 1848 1578 1899 minutorum
1644 1848 1970 1900 secundorum
1997 1886 2012 1911 ,
2057 1843 2148 1897 de-

484 1946 695 1987 notante
723 1949 764 2001 g
803 1931 1113 1982 altitudinem
1150 1969 1167 1998 .,
1239 1943 1304 1978 ex
1345 1945 1437 1995 qua
1483 1943 1628 1996 graue
1672 1944 1775 1980 vno
1815 1929 2015 1980 minuto
2075 1926 2149 1978 se-

481 2016 650 2070 cundo
695 2016 841 2067 libere
883 2011 1166 2078 delabitur,
1216 2024 1320 2061 non
1365 2010 1452 2063 nifi
1498 2026 1591 2076 pro
1627 2011 1787 2063 cordis
1830 2008 2145 2062 vniformiter

491 2098 646 2153 craffis
703 2097 854 2150 habet
897 2095 1111 2163 locum;
1148 2093 1277 2164 -quin
1321 2097 1474 2146 etiam
1528 2093 1579 2144 in
1621 2094 1701 2146 his
1744 2105 1941 2145 tantu-m
1985 2091 2149 2144 cordis

490 2183 576 2236 vsu
619 2188 789 2234 venire
834 2179 991 2249 potest
1020 2217 1036 2242 ‚
1078 2189 1135 2228 vt
1178 2180 1351 2229 eadem
1395 2175 1548 2228 corda
1593 2176 1671 2226 vel
1715 2176 1891 2244 duplo,
1934 2173 2019 2225 vel
2060 2173 2142 2226 tri·

486 2266 603 2337 1210,
650 2265 729 2317 vel
770 2261 1060 2333 quadruplo,
1107 2259 1272 2329 plures
1315 2259 1425 2310 edat
1467 2259 1798 2325 vibrationes,
1823 2273 1972 2329 quam
2022 2255 2145 2311 haec

488 2347 657 2419 regula
697 2349 937 2399 continet.
1033 2342 1268 2412 Denique
1312 2343 1464 2394 etiam
1505 2341 1695 2411 insigne
1741 2341 1858 2394 illud
1925 2337 2144 2409 phaeno-

491 2447 683 2485 menon
713 2471 728 2495 ,
806 2445 905 2498 quo
951 2427 1126 2480 eadem
1172 2426 1322 2478 corda
1369 2425 1566 2478 lubinde
1632 2427 1795 2496 plures
1860 2422 2148 2477 huiusmodi

489 2514 656 2580 sonOS,
679 2514 924 2566 rationem
965 2526 1301 2564 numerorum
1354 2527 1379 2562 1
1414 2551 1428 2576 ‚
1479 2525 1510 2559 2
1541 2551 1555 2575 ‚
1603 2526 1635 2575 3
1665 2547 1679 2572 ,
1723 2528 1762 2574 4
1803 2520 1898 2561 etc.
1941 2506 2149 2575 sequen-

491 2608 592 2650 tes,
636 2596 772 2649 simul
816 2597 963 2647 edere
1027 2593 1347 2661 obstruatur,
1411 2594 1543 2646 cuius
1607 2589 1797 2645 causam
1843 2592 1934 2645 Vir
1973 2587 2145 2644 Celeb.

496 2677 692 2737 Daniel
730 2675 970 2731 Bernoulli
1011 2675 1286 2729 felicissime
1339 2691 1495 2743 nuper
1559 2673 1866 2746 explicatlit,
1934 2675 1984 2728 in
2044 2671 2146 2725 aliis

496 2765 657 2815 cordis
687 2802 702 2829 ,
749 2761 835 2815 nisi
879 2775 995 2832 quae
1041 2758 1129 2812 sint
1172 2759 1491 2828 aequabiliter
1532 2759 1745 2818 craffiie,
1794 2758 1925 2813 hand
1967 2757 2146 2826 depre-

495 2846 734 2901 henditur.

2089 2938 2145 2976 2.
