2342 3554
360 295 831 364 EMENDATIO
875 292 1232 356 MICROSC.
1275 293 1533 354 SOLAR.
1672 312 1791 364 317

114 453 349 510 rabuntur
390 453 518 507 forte
565 453 843 516 LectOreS,
904 463 1080 502 meam
1123 457 1206 500 aut
1250 446 1610 501 hebetudinem
1647 485 1664 513 ,
1707 461 1791 501 aut

115 537 474 607 negligentiam
501 581 516 607 ,
559 538 694 609 quod
734 532 1052 588 nihilominus
1077 572 1094 598 ,
1139 532 1364 601 ignorare
1406 547 1492 585 me
1551 532 1746 600 penitus
1780 574 1794 600 ‚

115 620 273 690 quali»
314 620 456 673 fuerit
501 619 810 675 instrumenti
847 614 1153 669 «constructio
1185 653 1202 677 ‚
1245 615 1397 668 fatear
1431 657 1447 684 ‚
1490 613 1656 683 nilque
1685 631 1790 666 am-

114 703 244 774 plius
286 700 490 757 asserere
537 705 729 759 valeam
759 738 774 769 ‚
820 700 908 754 nisi
934 743 949 767 ,
989 712 1233 771 quantum
1277 715 1345 753 ex
1388 697 1624 768 adspedtu
1657 698 1792 750 nudo

115 785 323 840 iudicari
364 789 530 858 potuit
555 831 570 858 ‚
611 775 716 840 non
761 781 980 840 habuisse
1023 782 1189 854 ipsum
1234 782 1420 854 aliquid
1449 823 1466 850 ‚
1507 798 1625 835 eum
1668 797 1795 833 con-

115 871 236 923 sueti
280 872 597 942 microscopii
637 871 804 924 solaris
847 868 1080 923 struitur-a
1106 907 1124 935 ,
1167 882 1465 921 commune.
1552 864 1645 918 Ast
1698 865 1791 917 sci-

114 966 203 1005 ant
249 952 300 1005 hi
327 996 342 1022 ,
385 955 552 1009 vidisse
597 972 679 1009 me
723 956 1103 1008 instrumentum
1145 952 1316 1022 paucis
1358 962 1472 1003 ante
1528 949 1643 1002 Viri
1701 948 1792 1000 de*

114 1035 442 1090 fideratiffimi
488 1053 866 1107 praematuram
911 1049 1138 1090 mortem
1183 1033 1504 1105 septimanis,
1531 1036 1789 1102 ingruente

112 1117 270 1168 noete
294 1156 313 1180 ,
361 1119 468 1184 ipso
511 1136 576 1170 eo
622 1135 896 1173 momento
923 1161 940 1190 ‚
1005 1134 1106 1189 quo
1147 1118 1423 1189 relinquens
1487 1113 1786 1171 Lieberkit'h-

112 1199 291 1262 nium,
358 1199 573 1251 domum
617 1203 798 1252 reuerti
853 1202 1090 1252 volebam
1116 1241 1131 1266 ‚
1197 1215 1349 1270 atque
1393 1200 1622 1253 distuliffe
1663 1212 1750 1250 me
1782 1239 1796 1263 ‚

113 1282 401 1334 consulente
441 1280 559 1352 Ipso
601 1279 955 1336 Celeberrimo
1010 1281 1177 1345 Vim,
1250 1295 1303 1332 et
1368 1282 1684 1348 effectuum,
1739 1293 1792 1331 et

114 1363 381 1418 struCturae
426 1365 737 1420 instrumenti
782 1380 1003 1419 examen
1035 1405 1050 1431 ,
1124 1363 1175 1415 in
1230 1363 1380 1417 aliam
1423 1364 1584 1417 diem.
1670 1364 1792 1437 Quo

113 1450 279 1502 minus
322 1465 445 1503 vero
489 1448 870 1504 humanissimae
923 1445 1266 1503 Lieberkzihnii
1331 1446 1616 1501 inuitationi
1675 1463 1788 1500 mo-

114 1548 228 1587 rem
273 1550 442 1601 gerere
470 1577 485 1603 ‚
531 1549 799 1604 meamque
841 1531 1010 1585 satiare
1058 1532 1311 1601 potuerim
1355 1532 1666 1599 auiditatem,
1691 1532 1792 1585 im-

116 1619 300 1689 pediuit
330 1656 345 1675 ‚
389 1620 440 1670 in
487 1634 641 1686 quem
687 1616 909 1686 protinus
951 1615 1198 1668 incidebat
1244 1613 1340 1666 Vir
1386 1612 1788 1683 CeleberrimuS,

117 1700 370 1768 morbus,
438 1701 520 1770 qui
562 1700 718 1753 fatalis
760 1700 849 1769 ipfi
901 1697 1009 1751 fuit.
1117 1695 1352 1767 Superest
1416 1698 1626 1768 proinde
1695 1697 1796 1751 sine

117 1783 308 1849 dubio,
353 1785 403 1836 in
447 1799 512 1835 eo
537 1827 551 1852 ‚
590 1800 743 1855 quem
788 1782 991 1853 reliquit
1031 1779 1467 1834 instrumentorum
1493 1783 1790 1852 opticorum

117 1865 351 1921 thesauro
380 1907 397 1933 ,
440 1866 817 1921 Lieberkz'lhsszius
846 1909 859 1933 ,
904 1878 956 1918 et
997 1864 1155 1917 hocce
1187 1906 1203 1930 ,
1243 1865 1378 1917 cuius
1406 1906 1419 1930 ‚
1462 1880 1579 1917 cum
1625 1864 1791 1933 nulla,

117 1950 254 2020 quod
299 1952 447 2002 sciam
475 1991 491 2016 ,
531 1951 795 2019 deicriptio
840 1950 1033 2018 publice
1078 1945 1317 1999 haetenus
1360 1947 1566 2005 exstet,
1607 1964 1635 2001 a
1659 1949 1790 2001 Viro

116 2046 286 2086 autem
332 2030 685 2086 Celeberrimo
714 2072 730 2101 ‚
789 2033 875 2100 qui
923 2029 993 2083 nil
1036 2029 1336 2081 moliebatur
1403 2030 1569 2098 inepte
1601 2064 1617 2094 ‚
1688 2046 1793 2083 non

116 2117 212 2169 nifi
255 2118 452 2187 egregia
494 2115 732 2187 speranda
777 2114 868 2167 fint
897 2156 912 2182 ,
978 2111 1187 2181 rogandi
1244 2112 1460 2165 omnino
1500 2113 1606 2165 sunt
1647 2113 1795 2182 ipsius

115 2198 389 2266 haeredes»,
457 2212 513 2251 vt
565 2200 759 2251 erudito
820 2198 934 2253 orbi
1010 2195 1397 2267 descriptionem
1471 2195 1792 2270 microscopii

121 2278 267 2334 huius
309 2281 556 2351 impertiri
602 2280 778 2335 veiint.

313 2449 448 2506 Cum
505 2450 719 2523 proinde
740 2449 789 2504 in
810 2450 1194 2520 microfcopium
1220 2449 1400 2521 soiare,
1433 2451 1642 2506 obiestis
1662 2468 1786 2524 opa-

120 2536 191 2588 cis
215 2547 420 2605 aptum,
447 2552 657 2607 aequum
684 2537 755 2589 ius
780 2535 990 2588 habeant
1015 2532 1336 2589 Celeberrimi
1363 2536 1479 2589 Viri
1507 2534 1710 2592 Eulerus
1735 2550 1786 2592 et

117 2618 529 2681 Heberkilhnius‚
565 2636 621 2673 ac
658 2636 753 2689 pro
789 2618 1129 2673 inuentoribus
1166 2620 1343 2689 procul
1380 2622 1535 2674 dubio
1571 2620 1784 2675 habendi

118 2702 235 2766 sint,
254 2721 405 2775 quam
430 2704 510 2757 hic
537 2719 789 2774 proponO,
814 2703 1129 2774 microscopii
1157 2702 1318 2756 solaris
1344 2705 1781 2773 emendationem,
1808 2724 1812 2727 ·

117 2787 237 2850 (etii
265 2802 312 2841 et
339 2790 488 2852 haec7
520 2788 580 2840 ad
605 2787 1001 2858 repraesentanda
1025 2787 1223 2841 obiec'ta
1252 2787 1587 2857 pelluciditate
1621 2804 1786 2841 caren-

117 2869 207 2937 tia,
235 2885 410 2945 aptum
431 2873 598 2928 reddat
621 2870 719 2927 hoc
745 2869 1154 2947 instrumentum)
1181 2886 1283 2927 non
1322 2888 1378 2929 ea
1418 2883 1586 2929 mente
1622 2872 1786 2939 trado,

891 2956 940 3015 R
960 2971 984 3010 r
1032 2969 1063 3021 3
1652 2952 1782 3026 quasi
