2342 3554
239 279 847 343 OBSERVATIONES
889 281 1637 345 METEOROLOGICAE.
1685 304 1797 357 401

190 504 195 509 ⁵
332 435 712 491 Obieruationes
774 434 1223 490 thermometricae
1279 433 1364 490 hic
1409 449 1609 492 notatae
1652 439 1809 493 varia·

131 520 324 576 tionem
369 521 548 575 caloris
588 536 680 592 per
719 519 933 590 singulos
974 519 1163 575 menses
1207 526 1362 574 totius
1403 524 1519 576 anni
1565 523 1807 595 indicant,

133 605 320 660 scilicet
361 606 538 675 gradus
582 605 839 658 maximos
878 616 930 657 et
971 605 1216 659 minimos
1279 605 1460 659 caloris
1524 622 1643 659 cnm
1717 624 1810 658 eo-

130 707 242 744 rum
289 691 578 746 differentiis
605 732 620 758 ,
663 689 800 743 vnde
839 687 1092 744 summum
1141 689 1288 760 frigus
1329 703 1384 743 et
1428 695 1683 745 maximus
1725 706 1811 745 ca-

128 774 206 828 lor
249 777 404 832 totius
445 775 566 831 anni
607 790 727 828 cum
771 773 1053 828 variatione
1094 790 1257 829 annua
1303 776 1636 847 cognoscitur.

332 925 622 982 Adnotatur
663 936 714 979 et
757 923 875 995 hic,
915 942 1032 982 cum
1080 925 1291 980 summis
1337 938 1390 980 et
1434 924 1626 980 infimis
1670 925 1805 979 calo·

130 1010 197 1064 ris
236 1012 465 1081 gradibus
504 1010 719 1080 annuis,
763 1011 911 1066 status
954 1012 1261 1083 tempestatis
1299 1027 1418 1065 cum
1479 1010 1807 1065 antecedente

126 1106 180 1146 et
221 1097 554 1163 consequente
580 1136 596 1163 ,
654 1106 708 1147 et
750 1111 866 1150 cum
911 1095 1248 1151 altitudinibus
1291 1096 1639 1150 barometricis
1667 1136 1683 1165 ‚
1752 1106 1807 1147 vt

125 1189 178 1229 et
217 1174 298 1228 hic
341 1175 523 1228 relatio
564 1175 969 1230 obseruationum
1016 1178 1548 1235 thermometricarum
1592 1179 1655 1233 ad
1716 1180 1808 1231 ba-

126 1258 423 1315 rometricas
463 1272 518 1313 et
560 1258 741 1312 statum
783 1260 1094 1331 tempestatis
1129 1262 1385 1315 elucescat.

277 1407 660 1465 obseruationes
684 1408 823 1466 hasce
846 1428 1049 1483 quoque
1077 1410 1338 1466 secundum
1363 1409 1546 1466 scalam
1574 1409 1807 1467 thermo·

126 1494 276 1551 metri
302 1492 612 1549 Delilianam
655 1492 756 1550 ess‘e
797 1495 961 1565 factas²
1006 1496 1085 1550 vti
1130 1496 1508 1563 antecedentes,
1548 1498 1636 1551 vix
1680 1513 1805 1567 opus

124 1578 225 1634 effe
251 1580 448 1633 videtur
483 1593 715 1637 monere.
762 1577 955 1634 Indicat
991 1581 1234 1636 nimirum
1261 1579 1377 1633 cisra
1404 1579 1639 1634 nullitatis
1664 1593 1805 1647 nota,

123 1665 335 1734 gradum
382 1661 558 1717 caloris
601 1680 756 1736 aquae
807 1664 1095 1734 bullientis,
1140 1677 1192 1719 et
1236 1680 1472 1718 numerus
1525 1679 1636 1730 150
1680 1681 1803 1737 pun·

121 1749 264 1803 itum
307 1747 672 1820 congelationis
697 1791 713 1820 ‚
758 1750 895 1822 quod
942 1752 1043 1805 iam
1085 1749 1195 1804 satis
1239 1762 1445 1804 notum.

306 1895 546 1970 Denique
588 1899 847 1971 sequuntur
889 1913 1111 1957 meteora
1161 1899 1445 1971 insigniora,
1473 1897 1654 1955 scilicet
1679 1917 1803 1956 ven·

121 1980 158 2035 ti
202 1980 608 2036 vehementiores
633 2025 650 2053 ,
693 1984 905 2037 nebulae
932 2025 949 2052 ,
994 1985 1195 2054 pluuiae
1224 2027 1239 2053 ,
1294 1988 1435 2037 niues
1463 2026 1480 2052 ‚
1522 1985 1807 2054 grandines,

119 2069 335 2121 tonitrua
402 2083 520 2121 cum
587 2066 878 2122 fulminibus
907 2108 920 2135 ,
988 2066 1175 2138 fulgura
1217 2079 1322 2120 etc.
1368 2084 1489 2139 quae
1534 2069 1711 2123 omnia
1775 2085 1804 2123 a

118 2151 388 2221 vaporibus
454 2162 506 2203 et
574 2150 976 2206 exhalationibus
1027 2153 1080 2205 in
1144 2150 1552 2222 atmosphaeram
1596 2151 1803 2207 adscen-

119 2233 348 2287 dentibus
392 2244 444 2284 et
487 2233 892 2287 descendentibus
931 2235 1185 2305 originem
1243 2235 1438 2289 trahere
1464 2277 1479 2305 ‚
1544 2250 1594 2289 et
1638 2237 1803 2289 diuer-

119 2318 191 2371 sas
253 2315 574 2387 tempestates
614 2314 817 2372 efficere
868 2318 1076 2372 constat.
1167 2317 1435 2372 Eiusmodi
1490 2319 1800 2375 obseruatio-

122 2416 208 2455 nes
249 2412 301 2455 et
344 2399 746 2472 Meteorologiae
785 2401 1131 2458 emendandae
1172 2414 1224 2456 et
1260 2400 1608 2476 ‚perficiendae
1650 2405 1801 2461 inser-

117 2486 255 2557 vire,
300 2486 466 2540 notius
507 2485 615 2550 est,
661 2504 811 2558 quam
854 2498 914 2541 vt
960 2487 1160 2543 moneri
1202 2486 1399 2542 debeat.

304 2588 657 2662 Progredimur
724 2591 875 2664 igitur
937 2593 1001 2649 ad
1051 2593 1178 2667 ipsas
1219 2592 1588 2649 obseruationes
1626 2611 1797 2650 recen-

112 2674 297 2731 sendas,
1061 2695 1064 2700 ¹

299 2772 387 2828 Ad
453 2772 823 2830 obseruationes
889 2776 1252 2833 barometricas
1320 2774 1461 2832 huius
1487 2776 1618 2832 anni
1660 2778 1793 2850 quod

120 2854 339 2928 attinet,
383 2855 493 2912 illae
535 2858 818 2932 sequentem
863 2863 912 2917 in
955 2863 1172 2920 modum
1219 2862 1264 2916 se
1311 2860 1536 2946 habent:

199 2954 874 3015 Tom.1x.Nou.Comm.
1065 2975 1083 2978 *⁷
1167 2960 1326 3017 Eee·
1565 2958 1571 2969 ⁸
1611 2946 1804 3013 imm-,³-
