2342 3554
771 208 923 280 *ἐξὲξ
965 201 984 282 )
1026 218 1062 260 0
1108 202 1129 282 (
1172 206 1322 278 53³3<-
1813 222 1886 273 εδ

212 354 424 413 diantur.
530 352 641 410 Iam
686 352 737 411 in
777 355 872 410 hac
925 357 1259 413 diflertat-ione
1315 355 1484 429 prima·
1540 354 1671 411 istius
1722 357 1888 412 subdi-

209 441 411 496 visionis
468 439 717 495 elementa-
780 436 1085 495 stabiliuntur
1125 483 1141 510 ,
1207 455 1351 513 atque
1421 443 1585 496 variae
1656 434 1891 495 methodi

210 526 526 597 proferuntur
553 565 568 596 ,
612 523 889 578 funffiones
932 527 1157 580 binarum
1216 525 1531 580 variabilium
1579 524 1888 596 indagandi,

210 625 280 662 ex
319 611 432 664 data
472 625 763 680 quacunque
823 610 1227 663 differentialium
1297 611 1453 680 primi
1524 609 1699 681 gradus
1764 608 1891 661 rela-

211 695 363 747 tione.
453 693 644 766 Quodfi
690 694 926 747 nimirum
975 695 1133 748 littera
1185 694 1228 746 V
1297 696 1504 748 denotet
1574 691 1889 747 funerionem

209 794 551 848 quamcunque
597 779 824 831 binarum
874 778 1182 832 variabilium
1232 795 1269 833 x
1309 790 1360 832 et
1381 796 1445 847 y,
1497 794 1615 849 quas
1655 795 1684 831 a·
1726 774 1771 829 sta
1814 778 1891 830 in·-

211 861 374 912 vicem
404 863 594 929 prorsus
619 858 1010 931 independentes
1028 860 1243 932 intelligi·
1266 874 1488 934 oportet,
1517 866 1587 915 ita·
1612 874 1670 916 vt
1697 872 1896 915 Vtram*

208 958 306 1011 que
350 943 543 995 seorsim
594 958 678 1011 per
723 959 898 994 omnes
939 945 1131 997 valores
1185 947 1372 999 variare
1425 946 1603 1009 liceat,
1662 945 1893 1014 geminas

205 1025 322 1078 inde
369 1024 600 1079 formulas
638 1022 984 1078 differentiales
1029 1026 1155 1078 na‘sti
1187 1068 1202 1097 ‚
1252 1029 1318 1079 est
1364 1025 1723 1095 manifestum,
1787 1027 1890 1081 hoc

206 1123 366 1174 modo
408 1122 615 1175 indicari
682 1120 841 1173 solitas
883 1099 1037 1193 (ἐξ)
1079 1133 1130 1176 et
1172 1099 1279 1202 (2437
1305 1119 1320 1195 )
1351 1164 1366 1192 ‚
1433 1139 1638 1194 quarum
1696 1121 1778 1175 illa
1817 1135 1888 1176 ex

206 1207 482 1261 variatione
529 1202 669 1260 solius
711 1221 747 1258 x
774 1247 788 1276 ,
833 1204 955 1259 haec
1011 1220 1133 1258 vero
1185 1209 1326 1260 solius
1351 1224 1395 1276 y
1442 1208 1626 1274 oritur,
1682 1218 1886 1277 Vtraque

204 1303 372 1346 autem
440 1292 507 1345 est
577 1291 822 1362 quantitas
886 1287 1074 1361 finita,
1144 1304 1197 1345 et
1262 1307 1408 1344 more
1471 1291 1616 1344 solito
1679 1287 1745 1345 i'ta
1797 1307 1889 1362 per

203 1374 674 1429 differentiationem
725 1374 994 1445 reperitur,
1038 1386 1120 1438 vt,
1170 1375 1204 1429 si
1249 1374 1605 1429 differentiatio
1649 1373 1889 1447 praebeat

206 1457 833 1534 del’d„r—{——Qdy,
898 1459 983 1512 vbi
1049 1454 1145 1511 fine
1206 1460 1359 1514 dubio
1420 1460 1606 1514 litterae
1661 1454 1699 1514 P
1740 1471 1791 1513 et
1833 1459 1899 1534 Q

199 1544 386 1598 iterum
432 1557 575 1598 erunt
619 1557 780 1596 certae
824 1537 1110 1596 funffiones
1164 1543 1379 1617 ipsarum
1447 1559 1485 1600 x
1526 1555 1595 1599 et·
1598 1563 1645 1613 y
1672 1585 1690 1614 ,
1756 1541 1889 1597 futu-

206 1650 316 1690 rum
363 1633 420 1689 sit
462 1618 721 1707 P:({{)
764 1649 814 1688 et
857 1617 1161 1714 Q:(}{).
1274 1639 1434 1692 Nunc
1491 1640 1640 1707 igitur
1705 1651 1888 1691 omnes

202 1720 511 1789 quaestiones
569 1717 667 1771 huc
738 1722 1044 1788 pertinentes
1087 1721 1152 1770 ita
1220 1720 1328 1770 sunt
1392 1731 1782 1790 comparatae‚-
1831 1732 1887 1775 vt

200 1803 304 1856 data
349 1817 635 1873 quacunque
708 1796 947 1853 relatione
1015 1801 1141 1853 inter
1202 1800 1497 1871 quantitates
1561 1819 1599 1857 x
1626 1843 1641 1872 ,
1666 1819 1748 1872 y,
1789 1801 1841 1856 V
1867 1847 1885 1878 ⁷

197 1898 248 1939 et
295 1884 330 1938 P
357 1924 373 1951 ‚
412 1886 499 1959 Q,
544 1886 659 1938 inde
701 1885 896 1939 litterae
941 1885 979 1937 P
1018 1899 1069 1937 et
1115 1886 1180 1959 Q
1209 1885 1563 1954 eliminentur,
1610 1899 1660 1939 et
1703 1902 1884 1959 aequa·

204 1969 276 2024 tio
318 1971 378 2023 ab
419 1970 515 2024 illis
555 1970 706 2022 libera
754 1982 944 2022 tantum
993 1969 1120 2022 inter
1166 1985 1206 2023 x
1248 1981 1296 2022 et
1317 1987 1364 2035 y
1406 1982 1456 2023 et
1502 1970 1549 2022 V
1595 1971 1884 2041 indagetur,

201 2056 388 2126 quippe
433 2070 527 2126 qua
567 2044 761 2107 indoles
804 2051 1070 2107 fiinstionis
1115 2051 1159 2106 V
1194 2096 1210 2123 ,
1253 2055 1689 2125 quemadmodum
1734 2072 1761 2109 a
1808 2054 1884 2110 bi·-

202 2140 276 2192 nis
316 2155 354 2193 x
397 2152 447 2192 et
484 2156 520 2201 y
562 2138 788 2209 pendet,
830 2136 1172 2193 declarabitur.
1264 2135 1399 2192 Cum
1445 2152 1636 2211 autem,
1678 2140 1881 2212 quando

200 2224 261 2276 de
305 2223 638 2277 funffionibus
685 2224 860 2277 vnicae
903 2222 1148 2277 variabilis
1189 2225 1350 2293 agitur
1382 2263 1398 2292 ,
1438 2224 1686 2294 plurimae
1727 2240 1882 2295 quae-

202 2305 380 2358 stiones
425 2307 586 2359 adhuc
639 2307 811 2360 calculi
878 2309 1004 2359 vires
1064 2309 1288 2373 inperent
1315 2345 1333 2373 ,
1407 2318 1516 2357 tum
1578 2307 1680 2359 hoc
1740 2308 1882 2362 idem

200 2388 364 2440 multo
409 2389 568 2458 magis
611 2388 661 2439 in
704 2389 780 2440 his
831 2387 1193 2458 quaestionibus
1246 2390 1376 2442 circa
1438 2390 1556 2443 duas
1618 2390 1881 2445 variabiles

201 2470 284 2524 vsu
325 2471 466 2525 venit
494 2513 515 2541 ,
552 2483 607 2523 vt
651 2487 880 2524 numerus
924 2487 1093 2524 earum
1130 2512 1144 2539 ,
1207 2489 1324 2542 quas
1363 2472 1566 2544 quidem
1632 2471 1881 2529 resoluere·

197 2551 316 2609 licet
341 2595 356 2622 ‚
400 2554 677 2609 admodum
721 2554 778 2608 sit
823 2555 1069 2608 limitatus
1091 2599 1110 2626 ‚⁴
1146 2558 1429 2626 praesertim
1478 2557 1578 2611 hoc
1618 2567 1874 2629 tempore,

195 2655 299 2710 quo
365 2638 451 2692 issa
517 2655 648 2693 noua
709 2638 987 2707 Analyfieos
1050 2656 1169 2711 pars
1241 2643 1449 2695 demum
1529 2639 1727 2696 trarstari
1800 2643 1877 2697 est

194 2734 387 2793 coepta.
496 2722 712 2777 Interim
769 2735 941 2777 tamen
984 2724 1259 2797 methodi,
1328 2741 1449 2796 quas
1494 2725 1693 2780 Auster
1735 2723 1876 2779 hune

192 2807 242 2859 in
282 2805 441 2861 finem
488 2807 840 2885 excogitauit,
883 2822 1021 2867 mox
1062 2809 1730 2881 vbexiotemttrastationem
1755 2809 1875 2880 p‘ola

104 2882 109 2886 ’
192 2886 330 2947 liceri
374 2892 618 2949 videntur.
1443 2948 1449 2951 t
1530 2888 1875 2959 PleSICO'e¹
