2342 3554
486 334 608 391 312
847 315 1674 380 DESCRIPTIO

485 467 644 526 fictae
685 469 795 526 sunt
823 510 836 528 ,
878 472 1072 542 haeque
1095 474 1143 525 in
1169 472 1317 525 scalae
1341 485 1510 525 arcum
1540 479 1936 540 transponantur.
1987 468 2152 524 Arcus

485 568 651 610 autern
696 559 746 610 A
778 561 826 613 N
870 563 920 611 in
967 557 1020 612 Ν
1047 555 1092 609 Β
1134 557 1470 624 transferatur,
1495 570 1564 607 ex
1607 553 1662 606 D
1705 555 1947 608 resecetur
1991 555 2060 612 H,
2093 571 2152 608 ac

488 644 718 710 operatio
758 647 919 695 modo
960 642 1196 710 descripta
1241 656 1531 710 repetatur,
1596 652 1645 690 et
1687 642 1897 708 spatium
1942 656 1971 692 a
2012 635 2151 692 Zeto

489 727 552 777 ad
596 728 803 794 gradum
852 714 1003 795 vsque
1054 738 1167 788 150
1220 724 1545 779 Delislianum
1581 726 1716 794 (upra
1743 723 1983 793 pund’tum
2014 722 2154 774 ebul·

488 806 678 861 litionis
718 811 927 862 diuisum
972 808 1298 862 obtinebitur:
1348 809 1411 862 fic
1450 815 1617 861 denuo
1656 807 1814 878 repeti
1840 808 2000 878 potest
2026 821 2155 875 ope-

489 892 620 944 ratio
665 892 787 946 infra
831 904 882 945 et
926 894 1066 965 supra
1113 891 1297 963 pune'ta
1339 892 1571 946 consueta
1602 931 1617 960 ‚
1690 900 1865 963 prouti
1917 907 1994 944 res
2036 887 2155 943 illud

484 973 749 1050 postulant,
2061 1035 2074 1050 ,

682 1060 933 1133 Superest,
959 1074 1018 1116 vt
1059 1061 1417 1136 disquiramus,
1458 1078 1518 1115 an
1561 1061 1919 1115 contractionis
1962 1059 2045 1113 vel
2067 1074 2156 1111 ex-

489 1144 721 1199 tensionis
761 1147 1080 1216 inaequalitas
1107 1186 1122 1212 ‚
1180 1164 1326 1217 quam
1377 1156 1648 1213 Vtrumque
1694 1145 1865 1194 indicis
1908 1159 2010 1195 crus
2055 1142 2156 1213 pati

489 1229 654 1299 potest
681 1272 696 1298 ‚
759 1229 794 1282 fi
861 1228 1220 1282 thermometri
1286 1228 1480 1297 capsula
1536 1227 1859 1295 immergitur
1903 1242 2051 1297 veque
2092 1225 2155 1279 ad

492 1309 651 1385 PQ,
719 1327 869 1383 quum
913 1328 942 1364 e
985 1314 1236 1366 contrario
1288 1327 1401 1381 pars
1441 1311 1490 1363 A
1517 1307 1562 1362 B
1611 1311 1729 1383 PQ
1757 1308 2054 1378 relinquitur
2097 1309 2158 1360 li-

493 1394 609 1449 bera
634 1433 649 1464 ,
696 1396 751 1449 sit
794 1395 1082 1464 negligenda
1120 1434 1136 1461 ,
1178 1413 1275 1448 nec
1319 1393 1431 1447 ne?
1475 1394 1726 1447 Ponamus
1771 1394 1932 1462 itaque
1964 1435 1978 1459 ‚
2046 1408 2158 1445 crus

492 1494 577 1533 mo
618 1481 710 1533 effe
764 1494 788 1528 1
842 1478 966 1548 poll.
1012 1478 1327 1548 hexapedam
1369 1493 1496 1529 vero
1541 1477 1801 1544 parisinam
1869 1477 2084 1530 ferream
2130 1492 2158 1530 a

493 1575 622 1628 niuis
663 1572 849 1643 frigore
893 1575 952 1626 ad
987 1589 1144 1643 aquae
1168 1572 1512 1626 ebullitionem
1554 1587 1711 1641 vsque
1753 1568 1826 1641 ἕο
1870 1574 1952 1624 lin.
1991 1574 2159 1625 incre-

489 1659 619 1710 scere
649 1698 663 1724 ,
710 1670 767 1709 vt
810 1672 873 1708 ex
914 1656 1321 1726 praecedentibus
1364 1667 1548 1726 patet3
1595 1670 1684 1726 per
1724 1656 2025 1724 consequens
2050 1655 2159 1726 pol·

491 1751 594 1806 licis
637 1752 782 1805 vnius
829 1750 1202 1806 incrementum
1260 1751 1460 1823 aequale
1523 1752 1615 1803 erit
1656 1745 1745 1827 ἧς
1789 1749 1874 1802 lin.
1918 1753 2050 1820 quod
2078 1734 2162 1823 :J-s,

492 1835 816 1906 longitudinis
855 1836 1006 1890 cruris
1046 1839 1224 1907 integri
1267 1853 1314 1889 m
1338 1852 1365 1889 0
1409 1851 1510 1889 non
1573 1840 1816 1904 exced1t3
1887 1834 2163 1889 differentia

492 1919 654 1988 itaque
696 1919 955 1972 exorietur
998 1919 1047 1972 in
1091 1919 1247 1991 spatio
1299 1935 1412 1982 150
1471 1924 1712 1986 graduum
1768 1918 2163 1974 Delislianorum

498 2010 581 2086 ,ᾗς
608 2053 621 2076 ,
661 2011 822 2080 pofito
865 2011 1044 2064 effectu
1088 2011 1265 2064 caloris
1303 2010 1389 2062 vel
1433 2009 1628 2078 frigoris
1669 2012 1730 2063 ad
1773 2026 1801 2063 0
1824 2014 2021 2079 penitus
2045 2026 2163 2062 ena·

495 2096 743 2150 nescente.
853 2094 986 2170 Quia
1026 2106 1187 2149 autern
1244 2092 1372 2147 sensu
1417 2093 1648 2146 strictiori
1692 2085 1792 2145 hoc
1846 2094 2014 2147 locum
2056 2108 2160 2144 non

497 2177 649 2234 habet
678 2217 695 2245 ‚
761 2181 1003 2249 quoniam
1046 2178 1248 2232 effee'tus
1289 2178 1343 2229 in
1389 2177 1579 2229 ratione
1619 2177 1958 2228 distantiarum
2002 2175 2164 2245 dupli·

498 2275 605 2317 cata
647 2274 842 2315 tantum
890 2261 1175 2327 euanescit,
1218 2259 1431 2313 variatio
1474 2261 1587 2312 inde
1631 2259 1911 2311 exoriunda
1969 2258 2164 2329 iusuper

495 2346 654 2400 etiam
702 2345 872 2400 minor
915 2345 1059 2415 erit,
1097 2355 1150 2398 et
1201 2345 1557 2414 consequenter
1597 2343 1745 2414 plane
1812 2341 2000 2414 negligi
2070 2357 2166 2414 po·

497 2431 625 2484 terit.

693 2514 869 2587 Quum
918 2513 1186 2569 taediosum
1231 2513 1290 2568 sit
1315 2552 1329 2571 ‚
1371 2515 1541 2567 immo
1584 2512 1836 2567 interdum
1885 2510 2165 2584 impoffibi-

475 2596 551 2651 le
583 2640 599 2669 ,
641 2598 689 2651 in
734 2599 1041 2653 obteruandis
1080 2600 1255 2652 caloris
1320 2599 1545 2669 gradibus
1607 2598 1920 2670 permagni5‚
1993 2595 2169 2650 indicis

505 2682 706 2752 apicem
754 2681 910 2734 oculis
952 2681 1213 2754 persequi,
1258 2682 1609 2752 summumque
1652 2686 1888 2734 denotare
1932 2684 2167 2752 gradum,

501 2766 561 2818 ad
610 2782 641 2818 n
682 2764 847 2817 clauus
888 2779 1159 2831 exacutuS,
1204 2781 1260 2819 ac
1314 2767 1500 2819 elatere
1544 2779 1577 2838 q
1621 2765 1906 2831 instructus,
1944 2763 2166 2817 cochlea-

501 2863 613 2902 rum
655 2843 717 2916 s,
744 2845 817 2918 s,
858 2863 955 2917 ope
1000 2846 1260 2917 affigatur,
1301 2849 1583 2919 limibusque
1625 2848 1827 2920 fuligine
1871 2848 2166 2914 obducatur3

499 2932 567 2990 fic
603 2931 728 3003 ille,
767 2931 928 2988 indice
971 2931 1068 2986 sese
1112 2944 1354 2987 mouente
1382 2975 1397 3002 ‚
1441 2932 1673 2989 semitam
1720 2932 1996 2988 describet,
2039 2931 2174 2981 cuius

1924 3013 2172 3089 punstum
