2342 3554
728 286 1315 352 PISCIVM.
1698 320 1812 372 442

323 444 445 502 Oris
488 443 645 500 obtufi
688 445 841 502 rietus
866 488 882 516 ‚
920 447 971 500 in
1010 446 1207 500 ratione
1252 447 1313 500 ad
1357 444 1582 519 corporis
1626 452 1817 524 magnia

140 529 373 586 tudinem
420 531 588 586 habita
614 571 628 598 ‚
696 530 890 603 amplus
919 569 934 590 ,
992 531 1055 585 ab
1100 546 1208 584 vno
1251 529 1309 584 sc.
1360 533 1463 584 oris
1507 535 1689 604 angulo
1755 538 1817 593 ad

137 616 352 671 alterum
401 615 593 689 septem
633 612 787 669 iineas
829 616 973 688 Ιειωε,
1015 616 1243 669 eiusdem
1291 613 1701 672 conformationis
1724 620 1819 692 est,

132 701 337 773 qualem
406 701 458 754 in
502 694 662 753 Gadis
697 712 753 753 et
813 700 1039 756 Mustelis
1104 700 1222 754 alias
1286 700 1728 773 deprehendimus.

336 827 493 884 Labia
531 830 666 896 oris,
710 843 806 882 nec
859 825 1049 895 crassa,
1118 843 1215 881 nec
1279 827 1424 883 valde
1491 830 1770 900 prominula
1797 873 1816 903 ‚

131 910 435 967 interiorem
505 913 795 985 marginem
860 911 1077 966 liberum
1121 952 1138 980 ‚
1205 912 1540 985 dentiumque
1617 915 1820 971 laminis

127 996 457 1051 solummodo
500 999 797 1069 contiguum
843 996 1054 1050 habent:
1098 996 1313 1067 superius
1346 999 1588 1054 inferiore
1626 999 1819 1055 craffius

129 1075 417 1146 latiusque,
459 1080 523 1131 ab
565 1082 752 1134 lamina
793 1081 1018 1134 dentium
1057 1079 1312 1151 *superiore
1342 1122 1357 1150 ‚
1413 1083 1449 1138 fi
1489 1100 1546 1138 os
1584 1098 1816 1155 apertum
1851 1118 1853 1121 .

118 1158 315 1214 direste
356 1159 595 1231 adspicias
620 1194 638 1227 ‚
686 1178 864 1231 parum
907 1166 1204 1230 prominet,
1251 1165 1574 1238 eiusdemque
1618 1182 1816 1238 partem

126 1244 351 1298 anticam
394 1243 638 1316 obtegit3
695 1243 888 1297 inferius
917 1287 933 1313 ,
1004 1246 1138 1315 quod
1181 1247 1373 1299 tenuius
1417 1248 1487 1300 est
1556 1251 1820 1318 angustius-

128 1344 226 1399 que
252 1365 267 1394 ,
310 1330 498 1384 eodem
527 1364 543 1396 ,
581 1343 693 1400 „quo
735 1328 949 1399 superius
971 1365 992 1388 ,
1062 1331 1227 1384 modo
1295 1329 1536 1386 inferioris
1601 1334 1818 1391 laminae
1852 1372 1853 1375 η

123 1412 269 1467 faciei
308 1417 501 1470 anticae
544 1412 850 1486 opponitur.

327 1541 576 1597 Maxillae
647 1542 748 1596 fere
814 1538 1235 1596 semicirculares:
1306 1543 1531 1615 superior
1582 1545 1817 1602 inferiore

118 1640 306 1698 parum
345 1625 550 1696 ”longior
584 1669 600 1695 ‚
644 1638 855 1696 Vtraque
894 1625 1083 1679 lamina
1128 1626 1277 1680 solida
1322 1630 1484 1702 offen,
1529 1630 1818 1687 semicircu-

117 1709 213 1763 iari
258 1712 327 1766 est
366 1710 596 1765 instruet-a
631 1751 646 1777 ,
688 1712 825 1764 cuius
879 1710 1177 1781 planiuscula
1245 1712 1523 1783 superficies
1587 1715 1818 1785 plurimis

123 1795 384 1849 eiusmodi
428 1794 749 1865 scrobiculis,
816 1794 979 1865 quales
1035 1794 1316 1866 digitalibus
1379 1797 1675 1868 imprimere
1741 1798 1818 1853 so-

118 1876 224 1931 lent
273 1878 528 1950 artifices,
580 1894 783 1932 exarata
829 1879 1155 1947 conspicitur.
1248 1876 1338 1933 His
1383 1879 1519 1950 ipsis,
1564 1899 1666 1934 non
1713 1883 1815 1937 fine

117 1961 373 2014 concinno
414 1963 591 2014 ordine
642 1962 935 2028 distributiS‚
982 1974 1033 2012 et
1075 1963 1265 2031 aequali
1311 1968 1506 2033 temper
1548 1967 1814 2021 interuallo

114 2045 250 2098 inter
295 2044 336 2096 ie
381 2042 668 2098 distantibus
707 2088 721 2112 ,
760 2044 860 2099 fine
906 2045 1060 2099 dubio
1105 2043 1319 2099 efficitur
1349 2084 1362 2104 ‚
1432 2057 1487 2099 vt
1531 2049 1612 2101 sub
1669 2066 1815 2104 man·-

120 2128 390 2182 ducatione
452 2144 507 2179 v.
554 2143 605 2195 g.
678 2128 778 2180 cibi
843 2128 895 2178 in
967 2129 1129 2181 ica‘bra
1174 2142 1225 2181 et
1268 2130 1512 2199 inaequali
1559 2134 1814 2203 superficie

115 2223 485 2281 conterantur,
531 2221 580 2260 et
623 2209 679 2260 ad
724 2209 1109 2279 deglutitionem
1155 2227 1541 2286 praeparentur3
1584 2218 1813 2290 adeoque

118 2294 328 2348 laminas
369 2293 476 2346 istas
517 2292 746 2347 dentium
797 2292 1067 2346 molarium
1115 2310 1323 2348 munere
1369 2297 1540 2367 fungi,
1566 2314 1624 2352 ac
1663 2318 1816 2371 prae..

118 2392 196 2432 ter
234 2377 339 2431 hoc
380 2378 436 2430 ‘in
481 2379 732 2446 capiendis
777 2376 1068 2450 firmiusque
1141 2379 1415 2434 retinendis
1483 2382 1604 2436 cibis
1673 2384 1811 2441 suum

117 2465 306 2535 pariter
347 2460 485 2515 vsum
534 2461 754 2528 habere,
801 2461 1063 2533 probabile
1121 2463 1207 2516 est.
1317 2463 1545 2536 Singuiae
1596 2466 1809 2526 laminae

118 2548 350 2601 medium
398 2547 528 2599 su'lco
568 2547 638 2600 est
681 2547 891 2599 diuisum
925 2588 937 2599 .
983 2564 1086 2618 quo
1129 2549 1343 2603 duorum
1387 2565 1589 2605 ‘crurum
1623 2597 1638 2622 ‚
1701 2557 1811 2626 qui·

116 2631 210 2685 bus
279 2631 642 2702 componitur,
709 2629 989 2702 symphyiis
1033 2633 1351 2704 dignoscitur.
1460 2633 1609 2691 quta
1679 2638 1809 2695 hanc

118 2716 353 2770 maxima
401 2731 568 2767 earum
614 2714 828 2769 latitudo
873 2724 914 2784 ξ.
961 2717 1117 2772 lineas
1159 2731 1447 2793 exaequat,
1498 2723 1600 2776 oris
1648 2739 1805 2794 angu-

113 2798 189 2854 ios
244 2798 408 2852 versus
450 2798 625 2853 sensim
675 2801 972 2855 decrescens,

196 2965 475 3041 Tom.IX.
492 2966 634 3026 Nou.
652 2966 869 3026 Corum.
1187 2971 1292 3044 Kk
1317 2970 1353 3028 k
1605 2975 1805 3032 Vtrius-
