2342 3554
286 325 965 391 THERMOMETROR.
1030 324 1145 387 EM
1154 329 1251 386 EN
1258 325 1517 389 DATIO.
1629 352 1659 401 3
1675 350 1700 384 1
1714 345 1743 400 ς

82 484 244 540 bulbo
288 485 452 538 vitreo
495 483 804 551 communi,
850 478 1142 534 instructum
1169 523 1184 548 ,
1224 497 1281 535 ac
1330 481 1624 535 defideretur
1664 500 1757 554 pro

85 569 211 623 scala
257 568 430 622 relicta
460 610 475 636 ‚
536 565 886 637 elegantiffime
927 564 1178 618 elaborata
1206 607 1220 632 ‚
1290 580 1474 618 nouum
1528 566 1760 619 thermo-

91 666 362 720 metrum,
419 651 557 704 cuius
596 651 721 704 ratio
760 649 896 704 bulbi
942 651 1002 702 ad
1042 648 1274 702 tubulum
1323 649 1499 702 eadem
1544 649 1643 717 fit,
1707 665 1763 702 ac

14 744 16 746 ’
87 736 143 789 :in
189 738 368 807 priori,
410 737 645 805 cuiusque
679 734 868 807 *puncta
914 732 1018 787 fixa
1057 750 1178 786 cum
1222 731 1373 787 scalae
1411 733 1766 803 punctiscoiu-

89 820 297 874 cidant:
353 819 561 888 eligatur
607 819 797 872 tubulus
825 858 840 886 ,
882 819 1019 871 cuius
1059 817 1301 870 diameter
1344 818 1589 870 diametro
1627 818 1766 888 prio-

89 904 157 956 ris
198 904 399 956 cir-citer
449 902 663 973 aequalis
716 903 817 974 s1t3
883 900 1110 972 infigatur
1180 900 1478 956 lithocollae
1543 916 1646 972 ope
1714 904 1767 955 in

88 986 227 1040 bulbi
272 987 413 1040 ferrei
457 987 649 1039 collum
694 987 774 1056 A,
820 999 1031 1057 tuncque
1076 985 1318 1056 cylindrus
1359 982 1470 1038 AB
1512 1001 1566 1039 ac
1607 985 1772 1056 aliqua

89 1070 253 1121 tubuli
316 1085 427 1138 pars
493 1069 747 1137 repleatur
812 1071 1064 1123 mercurio
1115 1108 1131 1135 ,
1197 1082 1249 1123 et
1321 1069 1576 1123 claudatur
1655 1085 1772 1123 rne-

89 1150 258 1202 diante
304 1149 510 1200 cochlea
556 1150 615 1202 F.
703 1153 1007 1206 Notandum
1053 1168 1221 1209 autem
1266 1152 1355 1207 hic
1397 1153 1505 1217 est,
1548 1151 1770 1223 spatium

87 1249 123 1285 a
165 1230 426 1302 duplicem
468 1230 537 1283 ob
581 1229 738 1285 finem
784 1232 970 1284 annul-is
1013 1234 1284 1288 chartaceis
1324 1236 1508 1303 repleri
1548 1235 1769 1308 debere3

90 1315 280 1386 partim
327 1329 385 1367 vt
418 1355 432 1383 ,
496 1312 703 1368 cochlea
767 1313 807 1366 F
874 1313 1135 1371 fortiffime
1203 1316 1511 1386 constricta,
1579 1320 1774 1390 penitus

91 1400 346 1452 mercurio
399 1399 745 1470 praecludatur
799 1399 1012 1472 exitu53
1082 1402 1265 1472 partim
1310 1413 1406 1469 vt,
1473 1404 1774 1457 annulorum

95 1498 312 1553 numero
356 1498 452 1554 pro
491 1483 648 1536 lubitu
694 1482 840 1537 aucto
868 1525 883 1552 ‚
937 1485 1019 1537 vel
1062 1485 1312 1540 diminuto
1339 1527 1354 1555 ,
1390 1486 1600 1558 spatium
1647 1485 1775 1544 DE
1833 1535 1836 1537 .

95 1567 181 1619 vel
226 1569 436 1638 augeri,
479 1567 566 1619 vel
611 1567 821 1620 diminui
867 1566 1036 1638 poffit.

292 1651 698 1703 Thermometro
741 1654 847 1703 iam
895 1652 1088 1721 repleto
1113 1695 1128 1721 ,
1167 1652 1532 1707 determinetur
1573 1666 1776 1710 Vtrum-

97 1751 193 1807 que
240 1734 487 1805 punctum
517 1774 532 1801 ,
602 1733 904 1787 ebullitionis
949 1750 1141 1807 nempe
1184 1753 1238 1788 ac
1281 1736 1640 1806 congelationis
1667 1779 1682 1805 ,
1724 1751 1775 1794 et

98 1832 419 1889 comparetur
489 1818 846 1871 thermometri
913 1819 1033 1872 noui
1102 1821 1312 1890 spatium
1358 1836 1477 1874 cum
1525 1822 1681 1893 spatio
1721 1825 1775 1878 in

97 1902 222 1954 scala
290 1901 462 1954 relicta
508 1900 779 1969 designato,
857 1898 911 1953 Si
958 1903 1092 1971 prius
1135 1918 1184 1956 e.
1232 1920 1286 1974 g.
1328 1905 1486 1957 maius
1529 1905 1776 1962 inuenitur

101 1985 368 2056 posteriore
395 2027 409 2050 ,
475 1983 679 2035 cochlea
723 1983 761 2035 F
812 1982 960 2035 soluta
989 2025 1004 2052 ‚
1052 2000 1213 2048 vnuS,
1272 1986 1358 2039 vel
1423 1987 1524 2038 duo
1555 2027 1568 2053 ‚
1616 2000 1777 2042 tresue

101 2069 269 2121 annuli
307 2066 558 2119 chartacei
621 2067 929 2137 demantur3
982 2083 1084 2136 quo
1128 2068 1262 2122 facto
1288 2111 1302 2138 ‚
1344 2067 1553 2123 cochlea
1594 2070 1631 2123 F
1675 2073 1778 2125 ite-

101 2169 215 2205 rum
262 2151 562 2203 immittatur
586 2193 601 2217 ‚
642 2148 860 2203 firmiter
902 2164 1288 2222 con-torqueatur
1315 2193 1330 2220 ,
1372 2152 1637 2225 denuoque
1680 2157 1779 2210 sca-

104 2235 150 2286 la
195 2246 558 2302 comparetur,
615 2234 780 2284 donec
831 2251 984 2286 vnum
1029 2251 1146 2287 cum
1192 2236 1346 2289 altero
1387 2237 1548 2306 spatio
1585 2240 1779 2293 coinci-

105 2318 213 2368 ὼς.
340 2312 393 2367 Si
455 2328 622 2370 autem
693 2316 907 2384 spatium
976 2330 1164 2370 nouum
1212 2320 1384 2371 minus
1427 2319 1486 2372 fit
1531 2322 1687 2393 spatio
1726 2324 1778 2379 in

108 2397 228 2451 scala
271 2397 519 2467 designato
544 2435 562 2464 ,
597 2399 770 2451 annuli
816 2399 1053 2452 addantur
1079 2435 1095 2466 ‚
1147 2412 1198 2453 et
1240 2400 1305 2454 fic.
1350 2417 1524 2472 porro,

336 2480 516 2550 Spatio
577 2482 738 2533 modo
802 2484 1043 2554 descripto
1109 2485 1264 2554 priori
1331 2485 1464 2539 facto
1529 2489 1717 2561 aequali
1766 2535 1782 2562 ,

112 2562 240 2616 nihil
281 2565 411 2617 aliud
464 2564 712 2634 superest,
778 2582 928 2636 quam
997 2584 1203 2637 curate,
1272 2584 1330 2623 vt
1397 2571 1600 2626 tubulus‘
1662 2576 1781 2630 iusta

115 2649 347 2700 mercurii
389 2649 654 2718 quantitate
698 2649 937 2720 repleatur
964 2694 979 2719 ,
1022 2669 1085 2705 ne
1128 2654 1313 2723 puncta
1359 2653 1480 2715 fixa,
1506 2670 1591 2710 aut
1631 2662 1782 2715 nimis

122 2731 277 2783 altum
307 2773 322 2800 ‚
362 2743 440 2784 aut
482 2732 630 2785 nimis
672 2733 994 2804 profundum,
1038 2737 1087 2789 in
1127 2738 1248 2791 scala
1290 2739 1545 2794 obtineant
1591 2745 1780 2801 situm:

109 2814 162 2866 id
203 2815 378 2884 quod,
428 2832 585 2869 vnam
630 2817 712 2870 vel
753 2817 955 2873 alteram
1003 2824 1231 2876 mercurii
1272 2824 1539 2898 guttulam,
1584 2828 1666 2882 vel
1689 2829 1780 2881 de-

116 2900 346 2965 mend0‚
391 2900 474 2954 vel
517 2900 744 2958 addendo
769 2945 784 2974 ‚
839 2902 1074 2957 facillime
1119 2907 1391 2979 perficitur.

922 2989 972 3044 R
991 3006 1015 3043 r
1062 3006 1094 3040 2
1530 2991 1718 3050 Eam.
1727 2991 1778 3047 -1-
