<?xml version="1.0" encoding="UTF-8"?>
<!DOCTYPE html PUBLIC "-//W3C//DTD XHTML 1.0 Transitional//EN"
    "http://www.w3.org/TR/xhtml1/DTD/xhtml1-transitional.dtd">
<html xmlns="http://www.w3.org/1999/xhtml" xml:lang="en" lang="en">
 <head>
  <title>
</title>
<meta http-equiv="Content-Type" content="text/html;charset=utf-8" />
  <meta name='ocr-system' content='tesseract 3.04.00' />
  <meta name='ocr-capabilities' content='ocr_page ocr_carea ocr_par ocr_line ocrx_word'/>
</head>
<body>
  <div class='ocr_page' id='page_1' title='image "./novicommentariac29impe_0508.png"; bbox 0 0 2342 3554; ppageno 0'>
   <div class='ocr_carea' id='block_1_1' title="bbox 501 219 1738 303">
    <p class='ocr_par' dir='ltr' id='par_1_1' title="bbox 501 219 1738 303">
     <span class='ocr_line' id='line_1_1' title="bbox 501 219 1738 303; baseline -0.02 0"><span class='ocrx_word' id='word_1_1' title='bbox 501 251 623 303; x_wconf 55' lang='lat' dir='ltr'>w÷</span> <span class='ocrx_word' id='word_1_2' title='bbox 905 219 1738 290; x_wconf 72' lang='lat' dir='ltr'><strong><em>DESCRIPTIO</em></strong></span> 
     </span>
    </p>
   </div>
   <div class='ocr_carea' id='block_1_2' title="bbox 495 370 2190 2957">
    <p class='ocr_par' dir='ltr' id='par_1_2' title="bbox 495 370 2190 2049">
     <span class='ocr_line' id='line_1_2' title="bbox 499 370 2177 459; baseline -0.004 -22"><span class='ocrx_word' id='word_1_3' title='bbox 499 396 728 456; x_wconf 76' lang='lat' dir='ltr'>quartum</span> <span class='ocrx_word' id='word_1_4' title='bbox 775 401 809 459; x_wconf 91' lang='lat'>9</span> <span class='ocrx_word' id='word_1_5' title='bbox 839 424 852 443; x_wconf 93' lang='lat'><em>‚</em></span> <span class='ocrx_word' id='word_1_6' title='bbox 900 384 1178 437; x_wconf 82' lang='lat' dir='ltr'>minoribus</span> <span class='ocrx_word' id='word_1_7' title='bbox 1218 377 1465 436; x_wconf 77' lang='lat' dir='ltr'>eiusmodi</span> <span class='ocrx_word' id='word_1_8' title='bbox 1507 374 1710 429; x_wconf 76' lang='lat' dir='ltr'>radiolis</span> <span class='ocrx_word' id='word_1_9' title='bbox 1752 374 2039 432; x_wconf 66' lang='lat' dir='ltr'>instruc&#39;ium</span> <span class='ocrx_word' id='word_1_10' title='bbox 2072 370 2177 431; x_wconf 80' lang='lat' dir='ltr'>esse</span> 
     </span>
     <span class='ocr_line' id='line_1_3' title="bbox 497 459 2174 540; baseline -0.004 -18"><span class='ocrx_word' id='word_1_11' title='bbox 497 469 798 540; x_wconf 82' lang='lat' dir='ltr'>obseruaui·⁷</span> <span class='ocrx_word' id='word_1_12' title='bbox 839 469 1054 539; x_wconf 71' lang='lat' dir='ltr'>adeoque</span> <span class='ocrx_word' id='word_1_13' title='bbox 1100 482 1333 520; x_wconf 79' lang='lat' dir='ltr'>numeros</span> <span class='ocrx_word' id='word_1_14' title='bbox 1381 462 1525 515; x_wconf 80' lang='lat' dir='ltr'>vuius</span> <span class='ocrx_word' id='word_1_15' title='bbox 1569 459 1734 513; x_wconf 78' lang='lat' dir='ltr'>lateris</span> <span class='ocrx_word' id='word_1_16' title='bbox 1777 473 1936 512; x_wconf 82' lang='lat' dir='ltr'>certas</span> <span class='ocrx_word' id='word_1_17' title='bbox 1975 463 2104 514; x_wconf 83' lang='lat' dir='ltr'>inter</span> <span class='ocrx_word' id='word_1_18' title='bbox 2127 464 2174 515; x_wconf 83' lang='lat' dir='ltr'>se</span> 
     </span>
     <span class='ocr_line' id='line_1_4' title="bbox 499 544 2176 623; baseline -0.005 -16"><span class='ocrx_word' id='word_1_19' title='bbox 499 570 606 607; x_wconf 81' lang='lat' dir='ltr'>non</span> <span class='ocrx_word' id='word_1_20' title='bbox 636 554 820 606; x_wconf 83' lang='lat' dir='ltr'>habere</span> <span class='ocrx_word' id='word_1_21' title='bbox 846 558 1088 623; x_wconf 80' lang='lat' dir='ltr'>rationes⁷</span> <span class='ocrx_word' id='word_1_22' title='bbox 1105 568 1195 623; x_wconf 86' lang='lat' dir='ltr'>per</span> <span class='ocrx_word' id='word_1_23' title='bbox 1220 549 1264 602; x_wconf 84' lang='lat' dir='ltr'>se</span> <span class='ocrx_word' id='word_1_24' title='bbox 1292 560 1440 619; x_wconf 86' lang='lat' dir='ltr'>patet.</span> <span class='ocrx_word' id='word_1_25' title='bbox 1468 544 1612 598; x_wconf 78' lang='lat' dir='ltr'>Licet</span> <span class='ocrx_word' id='word_1_26' title='bbox 1639 544 1936 614; x_wconf 80' lang='lat' dir='ltr'>posteriores</span> <span class='ocrx_word' id='word_1_27' title='bbox 1962 547 2080 597; x_wconf 85' lang='lat' dir='ltr'>radii</span> <span class='ocrx_word' id='word_1_28' title='bbox 2100 552 2176 609; x_wconf 58' lang='grc' dir='ltr'>αξ.</span> 
     </span>
     <span class='ocr_line' id='line_1_5' title="bbox 496 627 2179 706; baseline -0.004 -17"><span class='ocrx_word' id='word_1_29' title='bbox 496 638 689 690; x_wconf 79' lang='lat' dir='ltr'>circiter</span> <span class='ocrx_word' id='word_1_30' title='bbox 724 637 811 689; x_wconf 89' lang='lat' dir='ltr'>lin.</span> <span class='ocrx_word' id='word_1_31' title='bbox 846 638 1008 706; x_wconf 84' lang='lat' dir='ltr'>longi,</span> <span class='ocrx_word' id='word_1_32' title='bbox 1043 637 1309 689; x_wconf 82' lang='lat' dir='ltr'>anteriores</span> <span class='ocrx_word' id='word_1_33' title='bbox 1346 645 1467 684; x_wconf 83' lang='lat' dir='ltr'>vero</span> <span class='ocrx_word' id='word_1_34' title='bbox 1495 627 1666 701; x_wconf 86' lang='lat' dir='ltr'>paullo</span> <span class='ocrx_word' id='word_1_35' title='bbox 1692 629 1940 682; x_wconf 86' lang='lat' dir='ltr'>breuiores</span> <span class='ocrx_word' id='word_1_36' title='bbox 1965 630 2081 696; x_wconf 85' lang='lat' dir='ltr'>sint,</span> <span class='ocrx_word' id='word_1_37' title='bbox 2108 629 2179 683; x_wconf 90' lang='lat' dir='ltr'>ob</span> 
     </span>
     <span class='ocr_line' id='line_1_6' title="bbox 498 713 2177 774; baseline -0.004 -1"><span class='ocrx_word' id='word_1_38' title='bbox 498 721 699 773; x_wconf 87' lang='lat' dir='ltr'>illorum</span> <span class='ocrx_word' id='word_1_39' title='bbox 739 733 906 773; x_wconf 76' lang='lat' dir='ltr'>tamen</span> <span class='ocrx_word' id='word_1_40' title='bbox 942 721 1189 774; x_wconf 84' lang='lat' dir='ltr'>maiorem</span> <span class='ocrx_word' id='word_1_41' title='bbox 1231 719 1391 771; x_wconf 82' lang='lat' dir='ltr'>versus</span> <span class='ocrx_word' id='word_1_42' title='bbox 1426 732 1580 770; x_wconf 88' lang='lat' dir='ltr'>anum</span> <span class='ocrx_word' id='word_1_43' title='bbox 1608 714 2003 773; x_wconf 69' lang='lat' dir='ltr'>inclinationem,</span> <span class='ocrx_word' id='word_1_44' title='bbox 2032 713 2177 766; x_wconf 88' lang='lat' dir='ltr'>idem</span> 
     </span>
     <span class='ocr_line' id='line_1_7' title="bbox 500 797 2180 875; baseline -0.004 -19"><span class='ocrx_word' id='word_1_45' title='bbox 500 806 596 856; x_wconf 86' lang='lat' dir='ltr'>fere</span> <span class='ocrx_word' id='word_1_46' title='bbox 626 806 807 875; x_wconf 79' lang='lat' dir='ltr'>vbique</span> <span class='ocrx_word' id='word_1_47' title='bbox 836 803 984 858; x_wconf 84' lang='lat' dir='ltr'>habet</span> <span class='ocrx_word' id='word_1_48' title='bbox 1011 803 1309 875; x_wconf 86' lang='lat' dir='ltr'>profundum</span> <span class='ocrx_word' id='word_1_49' title='bbox 1336 815 1479 872; x_wconf 85' lang='lat' dir='ltr'>atque</span> <span class='ocrx_word' id='word_1_50' title='bbox 1506 798 1818 853; x_wconf 84' lang='lat' dir='ltr'>altitudinem</span> <span class='ocrx_word' id='word_1_51' title='bbox 1846 797 2180 867; x_wconf 74' lang='lat' dir='ltr'>acetabulum,</span> 
     </span>
     <span class='ocr_line' id='line_1_8' title="bbox 495 883 2182 958; baseline -0.004 -15"><span class='ocrx_word' id='word_1_52' title='bbox 495 887 530 943; x_wconf 88' lang='lat' dir='ltr'>fi</span> <span class='ocrx_word' id='word_1_53' title='bbox 556 888 775 940; x_wconf 85' lang='lat' dir='ltr'>anticum</span> <span class='ocrx_word' id='word_1_54' title='bbox 805 888 906 942; x_wconf 87' lang='lat' dir='ltr'>eius</span> <span class='ocrx_word' id='word_1_55' title='bbox 941 890 1065 942; x_wconf 82' lang='lat' dir='ltr'>latus</span> <span class='ocrx_word' id='word_1_56' title='bbox 1108 887 1341 958; x_wconf 61' lang='lat' dir='ltr'>excipiam,</span> <span class='ocrx_word' id='word_1_57' title='bbox 1364 887 1503 958; x_wconf 81' lang='lat' dir='ltr'>quod</span> <span class='ocrx_word' id='word_1_58' title='bbox 1545 883 1614 937; x_wconf 90' lang='lat' dir='ltr'>ob</span> <span class='ocrx_word' id='word_1_59' title='bbox 1653 883 1797 956; x_wconf 71' lang='lat' dir='ltr'>ipsius</span> <span class='ocrx_word' id='word_1_60' title='bbox 1838 883 2055 937; x_wconf 82' lang='lat' dir='ltr'>limbum</span> <span class='ocrx_word' id='word_1_61' title='bbox 2085 897 2182 936; x_wconf 78' lang='lat' dir='ltr'>ex·</span> 
     </span>
     <span class='ocr_line' id='line_1_9' title="bbox 499 966 2175 1044; baseline -0.003 -19"><span class='ocrx_word' id='word_1_62' title='bbox 499 973 711 1026; x_wconf 83' lang='lat' dir='ltr'>trorsum</span> <span class='ocrx_word' id='word_1_63' title='bbox 757 972 1082 1044; x_wconf 78' lang='lat' dir='ltr'>deorsumque</span> <span class='ocrx_word' id='word_1_64' title='bbox 1129 973 1322 1028; x_wconf 80' lang='lat' dir='ltr'>flexum</span> <span class='ocrx_word' id='word_1_65' title='bbox 1373 971 1567 1042; x_wconf 87' lang='lat' dir='ltr'>postico</span> <span class='ocrx_word' id='word_1_66' title='bbox 1607 984 1782 1038; x_wconf 91' lang='lat' dir='ltr'>parum</span> <span class='ocrx_word' id='word_1_67' title='bbox 1818 966 2063 1022; x_wconf 86' lang='lat' dir='ltr'>demiffius</span> <span class='ocrx_word' id='word_1_68' title='bbox 2089 966 2175 1021; x_wconf 87' lang='lat' dir='ltr'>est.</span> 
     </span>
     <span class='ocr_line' id='line_1_10' title="bbox 498 1052 2180 1127; baseline -0.005 -16"><span class='ocrx_word' id='word_1_69' title='bbox 498 1055 674 1112; x_wconf 81' lang='lat' dir='ltr'>Latera</span> <span class='ocrx_word' id='word_1_70' title='bbox 720 1058 962 1112; x_wconf 84' lang='lat' dir='ltr'>acetabuli</span> <span class='ocrx_word' id='word_1_71' title='bbox 1032 1071 1295 1111; x_wconf 81' lang='lat' dir='ltr'>externam</span> <span class='ocrx_word' id='word_1_72' title='bbox 1341 1054 1647 1127; x_wconf 87' lang='lat' dir='ltr'>superficiem</span> <span class='ocrx_word' id='word_1_73' title='bbox 1707 1068 1993 1105; x_wconf 83' lang='lat' dir='ltr'>connexam</span> <span class='ocrx_word' id='word_1_74' title='bbox 2026 1093 2041 1118; x_wconf 89' lang='lat'>,</span> <span class='ocrx_word' id='word_1_75' title='bbox 2098 1052 2180 1103; x_wconf 88' lang='lat' dir='ltr'>in-</span> 
     </span>
     <span class='ocr_line' id='line_1_11' title="bbox 502 1134 2182 1210; baseline -0.004 -16"><span class='ocrx_word' id='word_1_76' title='bbox 502 1155 699 1194; x_wconf 83' lang='lat' dir='ltr'>ternam</span> <span class='ocrx_word' id='word_1_77' title='bbox 742 1157 1012 1195; x_wconf 83' lang='lat' dir='ltr'>concauam</span> <span class='ocrx_word' id='word_1_78' title='bbox 1059 1143 1287 1210; x_wconf 74' lang='lat' dir='ltr'>liabent3</span> <span class='ocrx_word' id='word_1_79' title='bbox 1329 1140 1502 1192; x_wconf 84' lang='lat' dir='ltr'>fundus</span> <span class='ocrx_word' id='word_1_80' title='bbox 1545 1149 1713 1188; x_wconf 89' lang='lat' dir='ltr'>autem</span> <span class='ocrx_word' id='word_1_81' title='bbox 1744 1174 1757 1200; x_wconf 87' lang='lat'>,</span> <span class='ocrx_word' id='word_1_82' title='bbox 1812 1135 1896 1204; x_wconf 84' lang='lat' dir='ltr'>qui</span> <span class='ocrx_word' id='word_1_83' title='bbox 1935 1134 2182 1188; x_wconf 77' lang='lat' dir='ltr'>acetabuli</span> 
     </span>
     <span class='ocr_line' id='line_1_12' title="bbox 499 1218 2182 1295; baseline -0.004 -18"><span class='ocrx_word' id='word_1_84' title='bbox 499 1237 692 1295; x_wconf 84' lang='lat' dir='ltr'>partem</span> <span class='ocrx_word' id='word_1_85' title='bbox 720 1266 734 1291; x_wconf 91' lang='lat'>‚</span> <span class='ocrx_word' id='word_1_86' title='bbox 776 1227 980 1295; x_wconf 86' lang='lat' dir='ltr'>corpori</span> <span class='ocrx_word' id='word_1_87' title='bbox 1024 1227 1254 1277; x_wconf 85' lang='lat' dir='ltr'>adnatam</span> <span class='ocrx_word' id='word_1_88' title='bbox 1290 1264 1305 1291; x_wconf 88' lang='lat'>,</span> <span class='ocrx_word' id='word_1_89' title='bbox 1351 1220 1603 1276; x_wconf 82' lang='lat' dir='ltr'>constituit</span> <span class='ocrx_word' id='word_1_90' title='bbox 1631 1261 1644 1284; x_wconf 80' lang='lat'>‚</span> <span class='ocrx_word' id='word_1_91' title='bbox 1692 1225 1764 1279; x_wconf 59' lang='grc' dir='ltr'>εξ.</span> <span class='ocrx_word' id='word_1_92' title='bbox 1810 1218 1892 1270; x_wconf 89' lang='lat' dir='ltr'>lin.</span> <span class='ocrx_word' id='word_1_93' title='bbox 1945 1218 2070 1270; x_wconf 84' lang='lat' dir='ltr'>latus</span> <span class='ocrx_word' id='word_1_94' title='bbox 2122 1234 2182 1271; x_wconf 76' lang='lat' dir='ltr'>ae</span> 
     </span>
     <span class='ocr_line' id='line_1_13' title="bbox 500 1301 2183 1380; baseline -0.004 -19"><span class='ocrx_word' id='word_1_95' title='bbox 500 1309 680 1380; x_wconf 86' lang='lat' dir='ltr'>planus</span> <span class='ocrx_word' id='word_1_96' title='bbox 724 1308 792 1361; x_wconf 88' lang='lat' dir='ltr'>est</span> <span class='ocrx_word' id='word_1_97' title='bbox 823 1344 838 1373; x_wconf 89' lang='lat'>‚</span> <span class='ocrx_word' id='word_1_98' title='bbox 888 1309 1202 1376; x_wconf 83' lang='lat' dir='ltr'>eiusdemque</span> <span class='ocrx_word' id='word_1_99' title='bbox 1249 1310 1309 1359; x_wconf 79' lang='lat' dir='ltr'>ad</span> <span class='ocrx_word' id='word_1_100' title='bbox 1358 1306 1639 1372; x_wconf 74' lang='lat' dir='ltr'>marginem</span> <span class='ocrx_word' id='word_1_101' title='bbox 1668 1340 1682 1368; x_wconf 81' lang='grc'>,</span> <span class='ocrx_word' id='word_1_102' title='bbox 1725 1301 1957 1354; x_wconf 63' lang='lat' dir='ltr'>lateribus</span> <span class='ocrx_word' id='word_1_103' title='bbox 1998 1302 2183 1372; x_wconf 76' lang='lat' dir='ltr'>proxi·</span> 
     </span>
     <span class='ocr_line' id='line_1_14' title="bbox 502 1386 2185 1461; baseline -0.004 -16"><span class='ocrx_word' id='word_1_104' title='bbox 502 1409 648 1446; x_wconf 87' lang='lat' dir='ltr'>mum</span> <span class='ocrx_word' id='word_1_105' title='bbox 683 1433 699 1461; x_wconf 82' lang='lat'>‚</span> <span class='ocrx_word' id='word_1_106' title='bbox 744 1393 996 1444; x_wconf 81' lang='lat' dir='ltr'>radiorum</span> <span class='ocrx_word' id='word_1_107' title='bbox 1043 1389 1238 1443; x_wconf 83' lang='lat' dir='ltr'>officula</span> <span class='ocrx_word' id='word_1_108' title='bbox 1285 1389 1514 1441; x_wconf 79' lang='lat' dir='ltr'>radicalia</span> <span class='ocrx_word' id='word_1_109' title='bbox 1559 1402 1675 1438; x_wconf 89' lang='lat' dir='ltr'>cum</span> <span class='ocrx_word' id='word_1_110' title='bbox 1747 1386 2016 1439; x_wconf 86' lang='lat' dir='ltr'>interstitiis</span> <span class='ocrx_word' id='word_1_111' title='bbox 2075 1386 2185 1440; x_wconf 45' lang='lat' dir='ltr'>sub&gt;-</span> 
     </span>
     <span class='ocr_line' id='line_1_15' title="bbox 499 1470 2180 1544; baseline -0.002 -17"><span class='ocrx_word' id='word_1_112' title='bbox 499 1475 774 1541; x_wconf 78' lang='lat' dir='ltr'>concauiS,</span> <span class='ocrx_word' id='word_1_113' title='bbox 821 1492 941 1544; x_wconf 84' lang='lat' dir='ltr'>quae</span> <span class='ocrx_word' id='word_1_114' title='bbox 985 1476 1118 1527; x_wconf 88' lang='lat' dir='ltr'>inter</span> <span class='ocrx_word' id='word_1_115' title='bbox 1159 1474 1200 1526; x_wconf 87' lang='lat' dir='ltr'>se</span> <span class='ocrx_word' id='word_1_116' title='bbox 1246 1472 1524 1544; x_wconf 82' lang='lat' dir='ltr'>relinquunt</span> <span class='ocrx_word' id='word_1_117' title='bbox 1552 1509 1566 1535; x_wconf 91' lang='lat'>,</span> <span class='ocrx_word' id='word_1_118' title='bbox 1613 1470 1663 1522; x_wconf 88' lang='lat' dir='ltr'>in</span> <span class='ocrx_word' id='word_1_119' title='bbox 1709 1470 2031 1540; x_wconf 67' lang='lat' dir='ltr'>conspestum</span> <span class='ocrx_word' id='word_1_120' title='bbox 2089 1487 2180 1524; x_wconf 78' lang='lat' dir='ltr'>ve·</span> 
     </span>
     <span class='ocr_line' id='line_1_16' title="bbox 500 1554 2184 1624; baseline -0.002 -13"><span class='ocrx_word' id='word_1_121' title='bbox 500 1559 660 1611; x_wconf 90' lang='lat' dir='ltr'>niunt.</span> <span class='ocrx_word' id='word_1_122' title='bbox 743 1557 1043 1613; x_wconf 75' lang='lat' dir='ltr'>Notandum</span> <span class='ocrx_word' id='word_1_123' title='bbox 1091 1560 1243 1611; x_wconf 83' lang='lat' dir='ltr'>etiam</span> <span class='ocrx_word' id='word_1_124' title='bbox 1293 1557 1400 1624; x_wconf 76' lang='lat' dir='ltr'>est,</span> <span class='ocrx_word' id='word_1_125' title='bbox 1465 1554 1590 1608; x_wconf 70' lang='lat' dir='ltr'>oCto</span> <span class='ocrx_word' id='word_1_126' title='bbox 1635 1554 1836 1608; x_wconf 81' lang='lat' dir='ltr'>istorum</span> <span class='ocrx_word' id='word_1_127' title='bbox 1881 1555 2128 1609; x_wconf 76' lang='lat' dir='ltr'>radiorum</span> <span class='ocrx_word' id='word_1_128' title='bbox 2165 1595 2184 1622; x_wconf 59' lang='lat'><em>9</em></span> 
     </span>
     <span class='ocr_line' id='line_1_17' title="bbox 499 1638 2180 1715; baseline -0.001 -20"><span class='ocrx_word' id='word_1_129' title='bbox 499 1643 671 1713; x_wconf 86' lang='lat' dir='ltr'>quibus</span> <span class='ocrx_word' id='word_1_130' title='bbox 718 1644 944 1697; x_wconf 80' lang='lat' dir='ltr'>maxima</span> <span class='ocrx_word' id='word_1_131' title='bbox 982 1660 1050 1698; x_wconf 82' lang='lat' dir='ltr'>ex</span> <span class='ocrx_word' id='word_1_132' title='bbox 1094 1655 1229 1715; x_wconf 84' lang='lat' dir='ltr'>parte</span> <span class='ocrx_word' id='word_1_133' title='bbox 1271 1643 1582 1695; x_wconf 76' lang='lat' dir='ltr'>acetabulum</span> <span class='ocrx_word' id='word_1_134' title='bbox 1643 1638 1886 1694; x_wconf 79' lang='lat' dir='ltr'>formatur</span> <span class='ocrx_word' id='word_1_135' title='bbox 1914 1679 1929 1706; x_wconf 90' lang='lat'><strong>,</strong></span> <span class='ocrx_word' id='word_1_136' title='bbox 1976 1639 2180 1694; x_wconf 85' lang='lat' dir='ltr'>inferio-</span> 
     </span>
     <span class='ocr_line' id='line_1_18' title="bbox 500 1724 2182 1798; baseline -0.002 -18"><span class='ocrx_word' id='word_1_137' title='bbox 500 1743 612 1780; x_wconf 85' lang='lat' dir='ltr'>rem</span> <span class='ocrx_word' id='word_1_138' title='bbox 686 1729 973 1798; x_wconf 87' lang='lat' dir='ltr'>portionem</span> <span class='ocrx_word' id='word_1_139' title='bbox 1007 1770 1022 1794; x_wconf 87' lang='lat'>‚</span> <span class='ocrx_word' id='word_1_140' title='bbox 1092 1744 1305 1797; x_wconf 78' lang='lat' dir='ltr'>eamque</span> <span class='ocrx_word' id='word_1_141' title='bbox 1373 1728 1628 1797; x_wconf 78' lang='lat' dir='ltr'>potiorem</span> <span class='ocrx_word' id='word_1_142' title='bbox 1661 1768 1676 1793; x_wconf 84' lang='lat'>,</span> <span class='ocrx_word' id='word_1_143' title='bbox 1737 1724 2016 1779; x_wconf 78' lang='lat' dir='ltr'>substantiae</span> <span class='ocrx_word' id='word_1_144' title='bbox 2083 1726 2182 1778; x_wconf 82' lang='lat' dir='ltr'>effe</span> 
     </span>
     <span class='ocr_line' id='line_1_19' title="bbox 507 1808 2179 1883; baseline 0 -19"><span class='ocrx_word' id='word_1_145' title='bbox 507 1809 763 1880; x_wconf 71' lang='lat' dir='ltr'>firmiori5‚</span> <span class='ocrx_word' id='word_1_146' title='bbox 810 1813 1057 1883; x_wconf 84' lang='lat' dir='ltr'>rigidioris</span> <span class='ocrx_word' id='word_1_147' title='bbox 1096 1829 1152 1867; x_wconf 80' lang='lat' dir='ltr'>ac</span> <span class='ocrx_word' id='word_1_148' title='bbox 1200 1814 1364 1865; x_wconf 83' lang='lat' dir='ltr'>minus</span> <span class='ocrx_word' id='word_1_149' title='bbox 1407 1810 1674 1882; x_wconf 84' lang='lat' dir='ltr'>pellucidae</span> <span class='ocrx_word' id='word_1_150' title='bbox 1701 1847 1714 1865; x_wconf 86' lang='lat'>‚</span> <span class='ocrx_word' id='word_1_151' title='bbox 1757 1827 1910 1880; x_wconf 85' lang='lat' dir='ltr'>quam</span> <span class='ocrx_word' id='word_1_152' title='bbox 1965 1808 2179 1880; x_wconf 85' lang='lat' dir='ltr'>superio-</span> 
     </span>
     <span class='ocr_line' id='line_1_20' title="bbox 504 1893 2190 1963; baseline 0.001 -18"><span class='ocrx_word' id='word_1_153' title='bbox 504 1910 617 1946; x_wconf 88' lang='lat' dir='ltr'>rem</span> <span class='ocrx_word' id='word_1_154' title='bbox 643 1936 658 1962; x_wconf 87' lang='lat'>‚</span> <span class='ocrx_word' id='word_1_155' title='bbox 703 1896 798 1949; x_wconf 82' lang='lat' dir='ltr'>siue</span> <span class='ocrx_word' id='word_1_156' title='bbox 844 1899 1083 1951; x_wconf 85' lang='lat' dir='ltr'>acetabuli</span> <span class='ocrx_word' id='word_1_157' title='bbox 1128 1897 1373 1960; x_wconf 87' lang='lat' dir='ltr'>limbum,</span> <span class='ocrx_word' id='word_1_158' title='bbox 1414 1896 1496 1963; x_wconf 85' lang='lat' dir='ltr'>qui</span> <span class='ocrx_word' id='word_1_159' title='bbox 1542 1896 1602 1946; x_wconf 85' lang='lat' dir='ltr'>ab</span> <span class='ocrx_word' id='word_1_160' title='bbox 1649 1895 1736 1946; x_wconf 84' lang='lat' dir='ltr'>ista</span> <span class='ocrx_word' id='word_1_161' title='bbox 1780 1893 2190 1960; x_wconf 68' lang='lat' dir='ltr'>distinstillimuS,</span> 
     </span>
     <span class='ocr_line' id='line_1_21' title="bbox 504 1977 1912 2049; baseline -0.003 -20"><span class='ocrx_word' id='word_1_162' title='bbox 504 1977 706 2044; x_wconf 86' lang='lat' dir='ltr'>tenuis,</span> <span class='ocrx_word' id='word_1_163' title='bbox 753 1978 936 2030; x_wconf 86' lang='lat' dir='ltr'>flexilis</span> <span class='ocrx_word' id='word_1_164' title='bbox 964 2021 977 2046; x_wconf 85' lang='lat'>,</span> <span class='ocrx_word' id='word_1_165' title='bbox 1023 1979 1291 2049; x_wconf 80' lang='lat' dir='ltr'>pellucidus</span> <span class='ocrx_word' id='word_1_166' title='bbox 1330 1992 1385 2029; x_wconf 86' lang='lat' dir='ltr'>ac</span> <span class='ocrx_word' id='word_1_167' title='bbox 1433 1978 1779 2044; x_wconf 85' lang='lat' dir='ltr'>integerrimus</span> <span class='ocrx_word' id='word_1_168' title='bbox 1824 1977 1912 2029; x_wconf 76' lang='lat' dir='ltr'>est,</span> 
     </span>
    </p>

    <p class='ocr_par' dir='ltr' id='par_1_3' title="bbox 502 2059 2184 2957">
     <span class='ocr_line' id='line_1_22' title="bbox 708 2059 2183 2132; baseline 0.001 -20"><span class='ocrx_word' id='word_1_169' title='bbox 708 2060 865 2114; x_wconf 83' lang='lat' dir='ltr'>Pinna</span> <span class='ocrx_word' id='word_1_170' title='bbox 904 2063 1030 2115; x_wconf 85' lang='lat' dir='ltr'>dorsi</span> <span class='ocrx_word' id='word_1_171' title='bbox 1076 2064 1238 2132; x_wconf 86' lang='lat' dir='ltr'>prima</span> <span class='ocrx_word' id='word_1_172' title='bbox 1271 2097 1286 2128; x_wconf 85' lang='lat'><em>‚</em></span> <span class='ocrx_word' id='word_1_173' title='bbox 1330 2061 1584 2130; x_wconf 84' lang='lat' dir='ltr'>principio</span> <span class='ocrx_word' id='word_1_174' title='bbox 1636 2060 1718 2111; x_wconf 76' lang='lat' dir='ltr'>suo</span> <span class='ocrx_word' id='word_1_175' title='bbox 1759 2060 1997 2111; x_wconf 80' lang='lat' dir='ltr'>acetabuli</span> <span class='ocrx_word' id='word_1_176' title='bbox 2042 2059 2183 2114; x_wconf 80' lang='lat' dir='ltr'>lateri</span> 
     </span>
     <span class='ocr_line' id='line_1_23' title="bbox 502 2140 2180 2218; baseline -0.002 -20"><span class='ocrx_word' id='word_1_177' title='bbox 502 2146 701 2218; x_wconf 86' lang='lat' dir='ltr'>postico</span> <span class='ocrx_word' id='word_1_178' title='bbox 749 2146 843 2199; x_wconf 86' lang='lat' dir='ltr'>fere</span> <span class='ocrx_word' id='word_1_179' title='bbox 887 2162 915 2199; x_wconf 89' lang='lat' dir='ltr'>e</span> <span class='ocrx_word' id='word_1_180' title='bbox 955 2147 1150 2199; x_wconf 60' lang='lat' dir='ltr'>direcio</span> <span class='ocrx_word' id='word_1_181' title='bbox 1201 2144 1429 2214; x_wconf 79' lang='lat' dir='ltr'>opposita</span> <span class='ocrx_word' id='word_1_182' title='bbox 1462 2184 1476 2210; x_wconf 81' lang='lat'>‚</span> <span class='ocrx_word' id='word_1_183' title='bbox 1508 2140 1629 2192; x_wconf 55' lang='lat' dir='ltr'>*lex</span> <span class='ocrx_word' id='word_1_184' title='bbox 1695 2142 1944 2194; x_wconf 86' lang='lat' dir='ltr'>radiorum</span> <span class='ocrx_word' id='word_1_185' title='bbox 1976 2182 1992 2211; x_wconf 89' lang='lat'>,</span> <span class='ocrx_word' id='word_1_186' title='bbox 2061 2144 2180 2214; x_wconf 84' lang='lat' dir='ltr'>rigi.-</span> 
     </span>
     <span class='ocr_line' id='line_1_24' title="bbox 503 2224 2182 2301; baseline -0.002 -17"><span class='ocrx_word' id='word_1_187' title='bbox 503 2229 835 2284; x_wconf 85' lang='lat' dir='ltr'>diusculorum</span> <span class='ocrx_word' id='word_1_188' title='bbox 871 2271 886 2298; x_wconf 89' lang='lat'>‚</span> <span class='ocrx_word' id='word_1_189' title='bbox 930 2246 1143 2301; x_wconf 84' lang='lat' dir='ltr'>quorum</span> <span class='ocrx_word' id='word_1_190' title='bbox 1186 2229 1391 2281; x_wconf 78' lang='lat' dir='ltr'>Vltimus</span> <span class='ocrx_word' id='word_1_191' title='bbox 1432 2243 1456 2278; x_wconf 89' lang='lat' dir='ltr'>a</span> <span class='ocrx_word' id='word_1_192' title='bbox 1485 2224 1770 2296; x_wconf 86' lang='lat' dir='ltr'>penultimo</span> <span class='ocrx_word' id='word_1_193' title='bbox 1811 2225 2001 2296; x_wconf 82' lang='lat' dir='ltr'>longius</span> <span class='ocrx_word' id='word_1_194' title='bbox 2043 2226 2182 2281; x_wconf 77' lang='lat' dir='ltr'>diffi-</span> 
     </span>
     <span class='ocr_line' id='line_1_25' title="bbox 508 2311 2184 2385; baseline -0.001 -18"><span class='ocrx_word' id='word_1_195' title='bbox 508 2327 582 2367; x_wconf 78' lang='lat' dir='ltr'>tus</span> <span class='ocrx_word' id='word_1_196' title='bbox 625 2314 693 2367; x_wconf 89' lang='lat' dir='ltr'>est</span> <span class='ocrx_word' id='word_1_197' title='bbox 720 2353 733 2377; x_wconf 88' lang='lat'>,</span> <span class='ocrx_word' id='word_1_198' title='bbox 780 2332 928 2385; x_wconf 83' lang='lat' dir='ltr'>quam</span> <span class='ocrx_word' id='word_1_199' title='bbox 977 2314 1155 2369; x_wconf 79' lang='lat' dir='ltr'>caeteri</span> <span class='ocrx_word' id='word_1_200' title='bbox 1198 2313 1322 2365; x_wconf 86' lang='lat' dir='ltr'>inter</span> <span class='ocrx_word' id='word_1_201' title='bbox 1365 2312 1407 2364; x_wconf 89' lang='lat' dir='ltr'>se</span> <span class='ocrx_word' id='word_1_202' title='bbox 1454 2312 1669 2363; x_wconf 80' lang='lat' dir='ltr'>inuicem</span> <span class='ocrx_word' id='word_1_203' title='bbox 1717 2311 1878 2379; x_wconf 77' lang='lat' dir='ltr'>radii,</span> <span class='ocrx_word' id='word_1_204' title='bbox 1947 2311 2184 2366; x_wconf 74' lang='lat' dir='ltr'>radicibus</span> 
     </span>
     <span class='ocr_line' id='line_1_26' title="bbox 506 2393 2182 2470; baseline -0.001 -19"><span class='ocrx_word' id='word_1_205' title='bbox 506 2398 570 2451; x_wconf 89' lang='lat' dir='ltr'>sc.</span> <span class='ocrx_word' id='word_1_206' title='bbox 617 2414 795 2451; x_wconf 87' lang='lat' dir='ltr'>eorum</span> <span class='ocrx_word' id='word_1_207' title='bbox 852 2406 923 2461; x_wconf 55' lang='lat'>13.</span> <span class='ocrx_word' id='word_1_208' title='bbox 974 2399 1060 2452; x_wconf 86' lang='lat' dir='ltr'>liu.</span> <span class='ocrx_word' id='word_1_209' title='bbox 1111 2398 1374 2451; x_wconf 78' lang='lat' dir='ltr'>interuallo</span> <span class='ocrx_word' id='word_1_210' title='bbox 1420 2399 1547 2448; x_wconf 82' lang='lat' dir='ltr'>inter</span> <span class='ocrx_word' id='word_1_211' title='bbox 1596 2393 1638 2446; x_wconf 84' lang='lat' dir='ltr'>se</span> <span class='ocrx_word' id='word_1_212' title='bbox 1685 2395 1979 2449; x_wconf 76' lang='lat' dir='ltr'>distantibus.</span> <span class='ocrx_word' id='word_1_213' title='bbox 2029 2396 2182 2470; x_wconf 75' lang='lat' dir='ltr'>Quo-</span> 
     </span>
     <span class='ocr_line' id='line_1_27' title="bbox 508 2480 2181 2552; baseline -0.004 -18"><span class='ocrx_word' id='word_1_214' title='bbox 508 2483 646 2534; x_wconf 86' lang='lat' dir='ltr'>niam</span> <span class='ocrx_word' id='word_1_215' title='bbox 690 2499 868 2534; x_wconf 85' lang='lat' dir='ltr'>omnes</span> <span class='ocrx_word' id='word_1_216' title='bbox 915 2482 1054 2535; x_wconf 72' lang='lat' dir='ltr'>liuius</span> <span class='ocrx_word' id='word_1_217' title='bbox 1099 2485 1275 2552; x_wconf 67' lang='lat' dir='ltr'>pinnae</span> <span class='ocrx_word' id='word_1_218' title='bbox 1323 2481 1440 2533; x_wconf 74' lang='lat' dir='ltr'>radii</span> <span class='ocrx_word' id='word_1_219' title='bbox 1471 2524 1484 2546; x_wconf 77' lang='lat'>‚</span> <span class='ocrx_word' id='word_1_220' title='bbox 1530 2480 1753 2546; x_wconf 75' lang='lat' dir='ltr'>vlrimo,</span> <span class='ocrx_word' id='word_1_221' title='bbox 1808 2487 1880 2544; x_wconf 54' lang='lat'>5¹5.</span> <span class='ocrx_word' id='word_1_222' title='bbox 1930 2481 2015 2534; x_wconf 89' lang='lat' dir='ltr'>lin.</span> <span class='ocrx_word' id='word_1_223' title='bbox 2064 2483 2181 2534; x_wconf 68' lang='lat' dir='ltr'>lon-</span> 
     </span>
     <span class='ocr_line' id='line_1_28' title="bbox 506 2566 2178 2636; baseline 0 -18"><span class='ocrx_word' id='word_1_224' title='bbox 506 2582 577 2636; x_wconf 89' lang='lat' dir='ltr'>go</span> <span class='ocrx_word' id='word_1_225' title='bbox 605 2607 619 2629; x_wconf 84' lang='lat'>‚</span> <span class='ocrx_word' id='word_1_226' title='bbox 664 2581 923 2635; x_wconf 76' lang='lat' dir='ltr'>exceptO,</span> <span class='ocrx_word' id='word_1_227' title='bbox 972 2568 1184 2620; x_wconf 79' lang='lat' dir='ltr'>mutilati</span> <span class='ocrx_word' id='word_1_228' title='bbox 1231 2567 1416 2618; x_wconf 73' lang='lat' dir='ltr'>fuerant</span> <span class='ocrx_word' id='word_1_229' title='bbox 1446 2607 1459 2629; x_wconf 71' lang='lat'>,</span> <span class='ocrx_word' id='word_1_230' title='bbox 1506 2580 1678 2616; x_wconf 75' lang='lat' dir='ltr'>veram</span> <span class='ocrx_word' id='word_1_231' title='bbox 1728 2581 1906 2618; x_wconf 82' lang='lat' dir='ltr'>eorum</span> <span class='ocrx_word' id='word_1_232' title='bbox 1955 2566 2178 2635; x_wconf 79' lang='lat' dir='ltr'>longitu-</span> 
     </span>
     <span class='ocr_line' id='line_1_29' title="bbox 506 2647 2178 2720; baseline 0 -18"><span class='ocrx_word' id='word_1_233' title='bbox 506 2650 676 2703; x_wconf 88' lang='lat' dir='ltr'>dinem</span> <span class='ocrx_word' id='word_1_234' title='bbox 723 2647 937 2702; x_wconf 86' lang='lat' dir='ltr'>indicare</span> <span class='ocrx_word' id='word_1_235' title='bbox 982 2667 1085 2702; x_wconf 88' lang='lat' dir='ltr'>non</span> <span class='ocrx_word' id='word_1_236' title='bbox 1136 2651 1292 2720; x_wconf 88' lang='lat' dir='ltr'>potui.</span> <span class='ocrx_word' id='word_1_237' title='bbox 1403 2647 1704 2702; x_wconf 77' lang='lat' dir='ltr'>Membrana</span> <span class='ocrx_word' id='word_1_238' title='bbox 1733 2688 1748 2715; x_wconf 91' lang='lat'>‚</span> <span class='ocrx_word' id='word_1_239' title='bbox 1814 2666 1842 2702; x_wconf 85' lang='lat' dir='ltr'>a</span> <span class='ocrx_word' id='word_1_240' title='bbox 1908 2649 2178 2720; x_wconf 81' lang='lat' dir='ltr'>posteriore</span> 
     </span>
     <span class='ocr_line' id='line_1_30' title="bbox 508 2732 2174 2804; baseline -0.001 -17"><span class='ocrx_word' id='word_1_241' title='bbox 508 2736 714 2804; x_wconf 87' lang='lat' dir='ltr'>imoque</span> <span class='ocrx_word' id='word_1_242' title='bbox 759 2732 921 2787; x_wconf 79' lang='lat' dir='ltr'>vltimi</span> <span class='ocrx_word' id='word_1_243' title='bbox 967 2734 1086 2786; x_wconf 83' lang='lat' dir='ltr'>radii</span> <span class='ocrx_word' id='word_1_244' title='bbox 1135 2736 1354 2802; x_wconf 77' lang='lat' dir='ltr'>margine</span> <span class='ocrx_word' id='word_1_245' title='bbox 1398 2741 1560 2785; x_wconf 73' lang='lat' dir='ltr'>verius</span> <span class='ocrx_word' id='word_1_246' title='bbox 1599 2734 1795 2786; x_wconf 82' lang='lat' dir='ltr'>alterius</span> <span class='ocrx_word' id='word_1_247' title='bbox 1839 2735 2019 2804; x_wconf 78' lang='lat' dir='ltr'>pinuae</span> <span class='ocrx_word' id='word_1_248' title='bbox 2086 2735 2174 2785; x_wconf 83' lang='lat' dir='ltr'>ini-</span> 
     </span>
     <span class='ocr_line' id='line_1_31' title="bbox 507 2817 2184 2892; baseline 0.001 -22"><span class='ocrx_word' id='word_1_249' title='bbox 507 2819 634 2870; x_wconf 88' lang='lat' dir='ltr'>tium</span> <span class='ocrx_word' id='word_1_250' title='bbox 675 2817 928 2892; x_wconf 77' lang='lat' dir='ltr'>expansa,</span> <span class='ocrx_word' id='word_1_251' title='bbox 969 2818 1188 2890; x_wconf 80' lang='lat' dir='ltr'>primam</span> <span class='ocrx_word' id='word_1_252' title='bbox 1234 2817 1467 2873; x_wconf 72' lang='lat' dir='ltr'>secundae</span> <span class='ocrx_word' id='word_1_253' title='bbox 1510 2817 1692 2892; x_wconf 75' lang='lat' dir='ltr'>pinnae</span> <span class='ocrx_word' id='word_1_254' title='bbox 1736 2819 2024 2890; x_wconf 77' lang='lat' dir='ltr'>contiguam</span> <span class='ocrx_word' id='word_1_255' title='bbox 2070 2817 2184 2871; x_wconf 80' lang='lat' dir='ltr'>effi-</span> 
     </span>
     <span class='ocr_line' id='line_1_32' title="bbox 509 2901 2178 2957; baseline 0.001 -2"><span class='ocrx_word' id='word_1_256' title='bbox 509 2902 689 2957; x_wconf 80' lang='lat' dir='ltr'>ciebat.</span> <span class='ocrx_word' id='word_1_257' title='bbox 2025 2901 2178 2957; x_wconf 78' lang='lat' dir='ltr'>Pinna</span> 
     </span>
    </p>
   </div>
  </div>
 </body>
</html>
