2342 3554
486 238 567 293 μ
970 211 1654 275 SPECIMEN

481 370 711 426 Primum
756 365 936 423 scilicet
977 367 1148 422 locuni
1193 363 1388 420 obtinet
1426 365 1622 437 semper
1663 361 1838 419 frac‘tio
1879 365 1931 434 3,
1975 360 2148 418 fecun-

481 455 601 509 dum
642 455 698 520 ἓ,
744 458 881 507 cuius
919 463 1204 506 numerator
1239 453 1311 505 est
1356 451 1544 522 primus
1586 449 1802 503 indicum
1844 465 1878 501 a
1903 485 1917 510 ‚
1982 449 2147 501 deno·

484 539 707 593 minator
775 553 900 592 vero
963 539 1139 589 vnitas.
1271 532 1537 606 Sequentis
1601 535 1828 604 cuiusque
1893 531 2149 584 fractionis

485 633 594 676 tam
642 635 949 686 numerator,
990 637 1141 692 quam
1184 618 1561 680 denominat0r‚
1603 618 1882 679 inuenitur,
1930 615 1962 668 si
2003 629 2152 686 prae-

483 705 772 759 cedentium
817 706 1029 759 vltimus
1070 719 1159 774 per
1201 703 1416 755 indicem
1480 703 1620 770 supra
1682 700 1915 767 scriptum
1980 698 2152 750 multi·

484 789 698 864 plicetur
723 826 740 855 ‚
781 800 834 841 et
876 790 934 843 ad
979 785 1285 860 productum
1332 783 1640 854 penultimus
1686 780 1905 833 addatur.

676 928 734 976 3.
780 908 987 963 Constat
1030 922 1198 963 autem
1243 907 1426 961 harum
1468 905 1772 959 fracstionum
1843 905 2152 974 postremam

485 996 579 1067 ipsi
623 995 851 1050 frastioni
890 993 1157 1047 continuae
1204 989 1486 1062 propositae
1532 988 1626 1040 esse
1671 987 1965 1058 aequalem,
2016 1004 2155 1059 prae·

486 1079 719 1133 cedentes
758 1089 922 1130 autem
969 1090 1072 1129 tam
1119 1091 1277 1144 prope
1323 1073 1382 1125 ad
1425 1071 1555 1125 hunc
1598 1070 1753 1142 ipsum
1799 1072 2027 1124 valorem
2075 1088 2157 1126 ac·

485 1162 662 1216 cedere
690 1201 706 1228 ‚
771 1173 830 1213 vt
896 1159 1022 1213 nulla
1091 1152 1268 1212 (metio
1316 1156 1534 1208 numeris
1578 1171 1677 1207 non
1724 1155 1991 1209 maioribus
2030 1171 2152 1207 con-

489 1257 625 1300 tenta
665 1243 894 1299 exhiberi
939 1253 1123 1315 queat,
1188 1256 1315 1312 quae
1360 1243 1423 1292 ad
1462 1238 1603 1291 illum
1673 1239 1881 1306 propius
1943 1239 2162 1292 accedat.

489 1330 661 1400 Atque
726 1344 795 1381 ex
861 1327 958 1380 hoc
1000 1326 1136 1380 fonte
1180 1323 1446 1395 problema
1504 1320 1626 1375 illud
1674 1337 1700 1373 a
1745 1320 1983 1376 Wallifio
2023 1321 2152 1376 olim

489 1412 756 1467 transtatum
804 1410 942 1464 facile
1016 1409 1266 1462 resoluitur
1295 1448 1310 1475 ‚
1383 1422 1483 1477 quo
1549 1404 1803 1475 proposita
1870 1421 2155 1475 quacunque

487 1495 735 1552 frac‘tione
781 1510 846 1547 ex
888 1494 1164 1562 ingentibus
1207 1492 1426 1544 numeris
1466 1489 1716 1541 constante
1742 1530 1757 1555 ‚
1822 1487 1943 1542 aliae
2009 1504 2159 1559 quae-

485 1593 660 1633 runtur
706 1577 969 1628 frastiones
1009 1591 1077 1626 ex
1123 1574 1399 1625 minoribus
1441 1572 1656 1622 numeris
1695 1571 2003 1636 constante5‚
2029 1585 2158 1639 quae

489 1671 598 1716 tam
643 1671 822 1728 parum
869 1672 895 1708 a
943 1655 1196 1725 proposita
1253 1653 1569 1722 discrepent,
1637 1663 1694 1703 vt
1755 1652 1921 1704 minus
1981 1653 2161 1707 discre-

490 1754 668 1815 pantes
703 1739 927 1792 exhiberi
972 1738 1121 1805 plane
1162 1750 1410 1807 nequeant
1432 1777 1450 1805 ,
1518 1733 1608 1789 nisi
1649 1734 1868 1790 maiores
1918 1751 2162 1793 numeros

489 1823 732 1882 adhibere
779 1820 1010 1876 velimus,

692 1966 752 2016 4.
799 1947 915 2003 Hoc
957 1956 1125 1999 autem
1181 1943 1380 2015 aliisque
1444 1943 1603 1997 vsibus
1627 1984 1642 2012 ,
1710 1960 1833 2013 qnos
1897 1944 2165 2001 staffiones

496 2033 762 2091 continuae
803 2030 1118 2102 suppeditant
1143 2071 1157 2097 ,
1227 2027 1571 2100 praetermissis
1596 2069 1610 2096 ,
1677 2028 1756 2082 hic
1799 2031 2025 2098 inprimis
2066 2032 2167 2086 ob-

496 2120 664 2187 seru0,
712 2118 764 2169 in
810 2115 927 2168 serie
963 2113 1045 2167 illa
1090 2111 1385 2166 fraitionum
1430 2128 1494 2165 ex
1537 2113 1774 2167 indicibus
1817 2111 2168 2185 firmatarum,

497 2214 604 2257 tam
651 2212 1028 2263 numeratoreS,
1071 2214 1223 2267 quam
1269 2198 1696 2264 denominatum,
1737 2197 1988 2261 eandem,
2034 2213 2161 2266 pro-

500 2283 754 2357 gressionis
796 2282 962 2351 legem
1010 2280 1138 2350 lequi
1165 2323 1178 2347 ‚
1222 2292 1272 2332 et
1315 2275 1513 2332 seorfim
1559 2281 1813 2332 efformari
1857 2276 2017 2348 poffe.
2100 2278 2163 2334 In

501 2378 709 2436 vtraque
753 2366 890 2416 enim
936 2362 1073 2429 serie,
1117 2362 1216 2415 fiue
1261 2374 1655 2430 numeratorum,
1679 2362 1775 2415 fine
1810 2363 2165 2418 denominato·

503 2465 640 2513 xum,
683 2447 891 2517 quilibet
931 2448 1171 2499 terminus
1214 2462 1303 2517 per
1347 2447 1562 2498 indicem
1591 2446 1983 2514 suprascriptum
2032 2445 2164 2498 mul·

503 2531 771 2602 tiplicatus,
816 2540 868 2580 et
896 2529 1118 2581 termino
1161 2533 1478 2584 antecedente
1521 2529 1705 2594 auam,
1745 2527 1948 2597 praebet
1987 2526 2168 2581 termi-

505 2631 628 2668 num
695 2613 996 2682 sequentem.
1119 2612 1339 2667 Vltimus
1410 2623 1575 2662 autem
1625 2626 1859 2663 numerus
1901 2612 2167 2680 superioris

507 2696 652 2752 seriei
696 2694 1025 2766 componitur
1069 2711 1134 2748 ex
1176 2694 1411 2749 omnibus
1433 2706 1640 2764 quatuor
1663 2692 1902 2747 indicibus
1923 2679 2165 2760 'a,b‚c‚d‚

508 2778 816 2858 penultimus
879 2788 1073 2835 tantum
1140 2794 1209 2838 ex
1252 2777 1403 2835 tribus
1445 2795 1512 2854 a,
1551 2777 1615 2849 b,
1657 2794 1714 2838 c,
1753 2775 2170 2851 antepenultimas

1967 2870 2167 2916 tantum
