2342 3554
495 288 609 347 382
830 261 1808 331 EXPERIMENTA

678 423 854 481 Naeco
896 421 1010 475 otio
1057 418 1195 490 plura
1236 411 1575 488 promiseram
1657 408 1905 481 promissis
1949 422 2158 482 praeuea

499 526 616 565 nere
680 509 866 562 cunstis
928 504 1108 558 flebilia
1161 501 1300 555 bonis
1358 495 1457 550 fata
1499 491 1609 567 (d).
1697 490 1965 565 Moriens,
2005 497 2161 552 tradi.

499 596 636 648 derat
686 590 1018 659 manuscripta
1059 585 1320 655 nepotibus
1350 622 1366 652 ‚
1435 579 1723 634 Hermanno
1763 580 1850 645 (e)
1890 590 1941 632 et
1981 580 2158 637 Abra.

499 676 646 733 hamo
687 675 768 746 (s
779 672 795 747 )
837 674 988 729 Kaau
1031 666 1320 727 Boerhaaue
1343 707 1358 735 ,
1420 662 1594 734 quibus
1635 676 1948 734 praematura
1991 677 2163 717 morte

500 763 686 831 ereptis
747 758 812 810 ad
873 771 966 809 me
1031 765 1300 824 peruenere
1383 748 1572 818 ‚scripta
1634 763 1792 803 manu
1855 747 1950 801 viti
2013 748 2162 802 omni

501 844 647 898 laude
697 840 927 894 maioriS.

695 924 892 992 Legeus
930 920 1133 973 interim
1162 960 1183 990 ,.
1247 914 1508 987 perlegens
1532 955 1548 984 ‚
1604 912 1849 969 fastidiosa
1874 955 1890 982 ‚
1943 912 2166 969 herculei

502 1007 684 1064 laboris
721 1008 880 1059 taedia
906 1043 921 1063 ,
962 1003 1217 1074 piaculum
1261 1000 1412 1068 duxi,
1452 997 1574 1052 ,3ἂο
1616 998 1786 1051 labore
1826 999 1959 1055 adeo
1993 1000 2170 1052 iucun-

502 1094 566 1147 da
608 1091 755 1145 vnice
788 1091 843 1142 in
908 1086 1081 1141 museo
1119 1087 1322 1138 seruare.
1425 1081 1555 1136 Non
1593 1097 1756 1152 pauca
1797 1083 1934 1136 enim
1976 1084 2168 1134 docent

506 1189 652 1245 atque
696 1172 941 1243 prioribus
964 1211 978 1237 ,
1021 1171 1121 1223 iam
1160 1168 1316 1219 reditis
1340 1203 1352 1219 ‚
1388 1164 1577 1215 collata
1606 1203 1621 1230 ‚
1665 1163 1832 1215 lucem
1877 1165 2168 1236 affimdunt,

502 1258 636 1314 dieta
682 1254 883 1309 firmant
911 1293 926 1321 ‚
962 1253 1230 1302 veritatem
1279 1246 1519 1299 adserunt.

706 1336 768 1391 In
831 1336 992 1407 prima
1019 1374 1034 1398 ,
1091 1332 1149 1382 ad
1198 1329 1447 1384 Illustrem
1495 1323 1801 1377 Brittanniae
1843 1326 2171 1382 Eruditorum

506 1423 795 1478 societatem
823 1457 839 1477 ,
877 1414 1211 1469 differ-tatione
1255 1413 1415 1463 lucide
1456 1408 1650 1462 asseruit
1689 1406 2060 1482 Boerhaauius,
2084 1427 2174 1483 per

505 1501 637 1560 solos
704 1513 868 1556 motus
911 1496 1231 1552 mechanicos
1271 1491 1589 1548 Mercurium
1637 1506 1704 1544 ex
1755 1494 2020 1549 mitiffimo
2056 1490 2176 1549 fieri

505 1604 674 1643 acrem
705 1626 722 1657 ,
777 1599 846 1637 ex
889 1577 1233 1650 infipidiffimo
1275 1576 1525 1645 acquirere
1569 1575 1793 1643 saporem
1824 1619 1841 1645 ‚
1906 1594 1977 1632 ex
2017 1579 2172 1650 splen.

505 1670 757 1726 didiffimo
799 1665 907 1720 fieri
951 1663 1152 1732 nigrum
1180 1703 1194 1729 ,
1237 1675 1305 1713 ex
1346 1658 1506 1711 fluido
1548 1657 1941 1734 confistentem;
1985 1679 2051 1717 ex
2092 1678 2174 1717 ea-

509 1755 630 1810 dem
672 1765 803 1808 vero
841 1746 1031 1803 constat
1060 1786 1076 1818 ‚
1142 1743 1239 1799 sola
1281 1743 1408 1814 ignis
1450 1742 1648 1798 ustione
1685 1743 1849 1799 redire
1886 1745 2072 1801 iterum
2115 1746 2174 1800 in

2005 1829 2175 1901 pristi-

513 1996 726 2014 *-
745 1983 1356 2010 *μβ-ρ,

2032 1985 2176 1999 -

514 2088 622 2148 (d)
664 2087 798 2138 1738.
836 2075 1065 2140 septembr.
1107 2091 1179 2129 23.
1215 2074 1296 2122 die.

520 2169 628 2233 (e)
661 2165 811 2212 Socero
865 2181 992 2218 meo,
1044 2179 1171 2228 quem
1212 2178 1254 2215 7.
1308 2155 1478 2203 Ofiobr.
1521 2171 1665 2210 1753-
1700 2156 1788 2201 fato
1822 2156 2009 2201 funftum
2049 2156 2181 2218 lugeo.

619 2227 710 2277 Hic
771 2232 1050 2277 Unuifliffirrae
1086 2226 1362 2283 Elisabethae‚
1416 2222 1644 2282 Augustae,
1685 2218 1811 2272 Piae,
1861 2218 2037 2274 Felicis,
2089 2219 2182 2267 Or..

613 2296 675 2342 bis
729 2291 882 2340 Rusfici
930 2292 1221 2355 ImperatriciS,
1257 2285 1482 2333 Consiliarii
1531 2286 1704 2341 intimi,
1752 2283 2060 2331 Archiam-orum
2092 2284 2183 2332 Co-

620 2362 737 2406 mitis
792 2373 833 2404 et
883 2360 1112 2421 supremi,
1156 2370 1229 2419 pet
1292 2351 1526 2397 vniuersum
1582 2347 1802 2412 Imperium
1836 2385 1845 2401 ,
1893 2354 1950 2395 rei
2003 2352 2183 2403 medicae

615 2425 841 2472 Directoris
875 2440 1040 2470 munere
1074 2423 1262 2484 fungens,
1296 2418 1663 2479 feliciffimi,quem
1697 2431 1881 2480 vnquam
1914 2415 2065 2463 Rustica
2097 2417 2182 2463 tel..

616 2491 677 2536 lus
709 2491 809 2536 aluit
831 2529 843 2547 ‚
877 2487 1027 2536 Medici
1059 2504 1211 2536 nomen
1249 2485 1418 2529 meruit.

528 2576 630 2636 (ί)
663 2572 876 2620 Hermanni
909 2572 1059 2619 stater,
1114 2573 1280 2623 iunior,
1330 2569 1441 2613 cuius
1479 2566 1617 2631 scripta
1661 2568 1886 2626 meritaque
1918 2568 1984 2614 vel
2015 2568 2188 2615 medio-

620 2640 735 2684 criter
771 2640 810 2681 in
849 2638 989 2683 litteris
1023 2636 1190 2682 medicis
1224 2633 1382 2679 versetis
1404 2671 1418 2693 ‚
1452 2648 1532 2678 non
1569 2633 1712 2678 latent.
1781 2630 1888 2687 Hic,
1921 2633 2040 2680 febre
2073 2647 2186 2682 acuta

622 2718 715 2750 cum
748 2702 891 2748 delirio
924 2714 1125 2764 p‘erp'etuo
1156 2710 1359 2760 correptus
1378 2729 1392 2753 ‚
1441 2698 1654 2744 vndecima
1693 2697 1824 2743 morbi
1856 2698 1922 2745 die
1943 2738 1956 2759 ,
2015 2710 2058 2747 6.
2099 2698 2188 2746 Iulii

627 2774 764 2824 2758.
803 2767 880 2813 effe
923 2768 1057 2813 desiit.
1124 2763 1223 2810 Vita
1256 2766 1337 2808 eius
1372 2766 1504 2825 paucis
1527 2802 1539 2820 ‚
1581 2766 1633 2810 ast
1685 2766 1923 2818 verissimis,
1973 2765 2080 2811 lineis
2109 2764 2188 2809 de-

626 2832 765 2878 lineata
796 2835 849 2878 est
883 2837 928 2879 in
960 2830 1202 2880 Summario
1247 2826 1402 2879 Nouor.
1449 2826 1740 2878 Commentar.
1786 2829 1907 2876 huius
1948 2829 2190 2878 Academiae

621 2894 755 2947 Tom.
788 2894 876 2950 lv.
