2342 3554
522 307 641 362 ³⁵2
1027 287 1661 372 ffifflwmtggre

641 429 2080 520 COGITATIONES

742 578 850 637 DE
894 576 1313 637 AGGEmssvs
1359 574 1965 635 coNSTRVENms.

1192 747 1538 801 Auctore

1013 859 1688 944 L.EVLERQ

1342 1068 1398 1106 1.

530 1173 695 1322 De
741 1185 841 1243 hoc
884 1200 1184 1260 argumento
1216 1231 1232 1257 ‚
1291 1188 1427 1258 quod
1471 1184 1827 1255 ampliffimam
1885 1199 2050 1238 rerum
2094 1198 2197 1237 ma-

710 1271 993 1324 ritimarum
1040 1271 1276 1324 notitiam
1348 1269 1602 1340 postulat,
1666 1268 1999 1321 commentari
2073 1283 2198 1319 nun·

531 1370 684 1422 quam
731 1352 862 1406 mihi
906 1356 957 1407 in
1001 1366 1228 1407 mentem
1275 1351 1487 1406 veniffet
1518 1393 1532 1422 ,
1577 1351 1662 1404 nisi
1704 1366 1860 1420 nuper
1902 1348 2196 1419 mihiquae-

533 1436 626 1489 stio
666 1452 730 1488 eo
774 1437 993 1505 spectans
1032 1452 1149 1488 cum
1192 1434 1529 1487 controuersia
1575 1434 1836 1488 coniunita
1882 1431 2002 1485 esset
2079 1448 2200 1503 pro·-

529 1519 691 1587 pofita
726 1558 741 1584 ‚
799 1532 855 1570 vt
896 1518 1184 1571 sententiam
1229 1533 1398 1570 meam
1444 1518 1692 1584 aperirem
1726 1559 1740 1582 ,
1797 1516 2196 1586 quandoquidem

531 1610 694 1652 totum
769 1602 1029 1669 negotium
1085 1601 1145 1653 ad
1187 1596 1539 1653 Geometriam
1585 1611 1636 1651 et
1679 1597 1922 1665 Analysm
1971 1598 2200 1652 reuolue-

532 1680 688 1735 batur.
778 1683 880 1738 Res
925 1695 1094 1736 autem
1140 1685 1211 1736 ita
1252 1684 1298 1736 se
1343 1681 1594 1738 habebat:
1633 1680 1694 1735 In
1738 1680 1996 1753 prouincia
2042 1682 2203 1736 mari-

533 1766 658 1818 tima
701 1778 846 1821 extra
914 1783 1192 1839 aggerem,
1237 1783 1339 1839 quo
1383 1766 1555 1820 littora
1595 1769 1698 1820 sunt
1744 1766 1978 1833 munita,
2024 1764 2196 1820 flueti-

535 1848 623 1902 bus
668 1861 863 1905 tantum
908 1862 1067 1903 terrae
1111 1866 1218 1904 erat
1263 1850 1516 1921 aggestum
1548 1893 1564 1922 ‚
1616 1863 1673 1903 vt
1719 1866 1857 1904 nouo
1900 1865 2079 1920 aggere
2125 1852 2196 1904 in-

291 1933 834 2009 Tabyfflssludendum
901 1934 1172 1987 videretur.
1300 1933 1461 1986 Vetus
1513 1949 1664 2002 agger
1708 1933 1972 1987 secundum
2016 1934 2200 1986 lineam

358 2031 451 2092 Fig.
490 2012 778 2075 1,AGKE
820 2026 921 2068 erat
966 2015 1165 2083 due‘tuS,
1211 2026 1263 2068 et
1305 2025 1437 2067 terra
1479 2014 1780 2067 extrinsecus
1819 2015 2009 2067 adiefia
2053 2030 2204 2084 vsque

545 2097 607 2151 ad
652 2098 838 2151 lineam
885 2095 1176 2152 ABCDE
1221 2098 1463 2169 patebat,
1529 2097 1792 2151 secundum
1837 2112 1988 2166 quam
2051 2097 2205 2149 etiam

540 2197 696 2233 nouus
736 2197 884 2250 agger
920 2182 1223 2250 longitudine
1279 2189 1424 2234 1128
1463 2181 1765 2250 perticarum
1792 2180 2204 2247 eratgextruetus:

547 2279 645 2335 quo
686 2266 836 2335 pasto
878 2278 1042 2318 totum
1082 2264 1297 2334 spatium
1338 2265 1463 2315 inter
1504 2274 1731 2315 veterem
1777 2277 2059 2332 nouumque
2112 2278 2208 2331 ag—

548 2362 720 2416 gerem
775 2348 1088 2402 interiectum
1144 2348 1196 2400 in
1263 2349 1452 2401 lucrum
1518 2344 1670 2399 ceffit.
1801 2341 2039 2399 Constitit
2107 2344 2208 2399 hoc

549 2446 672 2500 opus
720 2447 955 2483 120000
1002 2429 1151 2483 Thal.
1195 2445 1244 2484 et
1288 2430 1583 2500 singularum
1641 2429 1882 2484 linearum
1949 2430 2207 2483 mensurae

550 2513 596 2565 in
640 2516 839 2585 perticis
881 2517 933 2569 in
978 2514 1132 2585 figura
1175 2514 1280 2569 sunt
1323 2515 1609 2584 adscriptae.

755 2700 811 2735 2.
855 2684 966 2738 Iam
1012 2684 1095 2752 iis,
1138 2683 1220 2753 qui
1263 2682 1394 2736 hune
1439 2698 1671 2753 aggerem
1713 2679 1878 2734 extrui
1904 2690 2206 2749 curauerant,

555 2765 815 2821 obiestum
877 2767 982 2834 est,
1050 2782 1166 2820 cum
1237 2766 1317 2820 hic
1388 2783 1539 2837 agger
1582 2765 1845 2819 secundum
1894 2765 2078 2818 lineam
2131 2766 2205 2815 in-

553 2848 745 2906 flexam
789 2848 952 2904 ΑΒΕ
970 2849 1083 2905 DE
1127 2849 1246 2903 esset
1289 2850 1495 2916 όυᾶιιε,
1538 2866 1566 2903 a
1631 2850 1822 2919 pumero
1884 2850 1934 2902 A
1994 2847 2053 2899 ad
2125 2847 2195 2911 E,

2085 2945 2203 2984 eum
