2342 3554
519 294 638 336 200
826 276 1828 342 INVESTIGATIO

1073 426 1422 503 Coroll.
1542 456 1593 505 1.

705 563 798 617 59·
873 551 1076 606 Eodem
1118 553 1280 605 modo
1323 552 1494 607 resolui
1537 554 1726 624 poterit
1763 550 1981 622 quaestio
2023 548 2168 607 latius

518 641 724 704 patenS,
791 634 826 687 st
889 634 927 687 P
978 636 1155 689 debeat
1196 632 1298 687 effe
1337 634 1528 690 funstio
1565 652 1874 706 quaecunque
1911 635 2055 704 ipfius
2090 633 2163 690 V.

519 713 872 771 Consideretur
908 718 1071 784 enim,
1094 716 1310 786 spectata
1329 735 1375 784 y
1414 731 1471 773 vt
1505 718 1776 787 constante,
1798 717 1920 770 haee
1941 716 2167 788 aequatio

518 798 859 852 differentialis
898 799 1247 867 dV::de,
1287 816 1413 871 quae
1452 817 1578 862 cum,
1612 803 1731 856 duas
1775 813 1972 854 tantum
2013 799 2168 854 varia-

519 879 644 932 biles
682 881 932 933 contineat
975 883 1026 935 V
1071 895 1122 935 et
1161 897 1198 935 x
1241 883 1513 953 integretur
1537 925 1555 951 ,
1595 885 1842 940 constanti
1878 893 2049 940 autem
2090 882 2170 936 in-

517 963 674 1032 gressa
712 965 951 1035 quantitas
959 981 1007 1033 y
1051 977 1299 1035 vtcunque
1343 968 1637 1021 inuoluatur.

1079 1109 1425 1184 Coroll.
1546 1133 1607 1181 2.

722 1223 818 1270 60.
865 1219 998 1294 Quia
1040 1220 1183 1275 binae
1221 1221 1472 1275 variabiles
1513 1235 1551 1272 x
1593 1232 1642 1274 et
1666 1237 1712 1289 y
1766 1218 1870 1274 sunt
1935 1218 2061 1272 inter
2119 1215 2169 1271 se

522 1300 880 1372 permutabiles
905 1344 921 1368 ,
987 1304 1166 1359 eodem
1208 1304 1367 1357 modo
1409 1303 1657 1356 resoluitur
1695 1303 1953 1372 problema
1978 1343 1994 1371 ‚
2041 1301 2075 1356 fi
2117 1301 2188 1376 Q

522 1383 701 1438 debeat
742 1385 840 1438 effe
883 1383 1075 1439 functio
1115 1401 1429 1455 quaecunque
1473 1386 1616 1456 ipsius
1661 1386 1730 1440 V.

998 1523 1481 1600 Problema
1597 1529 1709 1603 16.

719 1641 817 1691 61.
864 1637 1130 1692 Existente
1173 1638 1756 1715 dedex-l-Qdy,
1780 1636 1986 1693 definire
2027 1636 2177 1693 indo-

523 1721 638 1861 lxelmn
669 1721 929 1859 fulndgitoncis
971 1721 1074 1793 V‚·
1098 1732 1157 1775 vt
1197 1722 1236 1776 P
1278 1722 1367 1776 fiat
1408 1720 1598 1776 fundtio
1668 1737 1986 1795 quaecunque
2050 1719 2178 1796 ipla-

1159 1891 1550 1968 Solutio.

733 1999 866 2057 Cum
909 2001 1057 2072 igitur
1095 2001 1134 2055 P
1177 2005 1316 2056 detur
1358 2021 1446 2074 per
1485 2003 1538 2056 V
1581 2013 1630 2055 et
1675 2020 1728 2072 x,
1767 2002 1803 2057 ss
1826 2019 1871 2070 y
1927 2013 1988 2055 vt
2054 2017 2172 2055 con-

531 2088 739 2144 stantem
811 2084 1088 2154 spestemtts
1111 2125 1125 2152 ,
1196 2086 1490 2139 habebimus
1527 2086 1655 2139 hanc
1693 2085 2039 2155 aequationem
2082 2083 2174 2138 dV

531 2170 741 2224 :3de
782 2169 913 2221 inter
953 2169 1069 2220 duas
1111 2169 1363 2220 variabiles
1404 2184 1442 2222 x
1482 2182 1533 2220 et
1575 2166 1643 2218 V.
1770 2168 2047 2233 Integretur
2084 2169 2181 2218 ita-

530 2269 627 2322 que
673 2268 732 2304 ea
756 2292 770 2317 ‚
835 2261 887 2302 et
928 2249 1047 2302 loco
1087 2250 1352 2301 constantis
1393 2251 1442 2302 in
1487 2250 1837 2319 aequationem
1889 2245 2176 2317 integralem

531 2334 869 2388 introducatur
908 2331 1097 2384 fune'tio
1137 2347 1453 2401 quaecunque
1496 2332 1637 2404 ipfius
1660 2350 1738 2401 y3
1785 2330 1884 2383 hoc
1907 2331 2067 2383 modo
2089 2331 2176 2381 ob-

535 2416 762 2469 tinebitur
801 2415 1034 2484 aequatio
1072 2415 1194 2466 inter
1239 2414 1307 2482 V,
1331 2432 1367 2468 x
1405 2427 1455 2468 et
1479 2433 1545 2486 y,
1593 2432 1685 2487 qua
1727 2412 1922 2467 indoles
1963 2411 2184 2467 funestio-

536 2500 608 2552 nis
645 2498 695 2550 V
739 2512 832 2568 per
878 2514 915 2551 x
956 2509 1004 2551 et
1021 2513 1065 2565 y
1109 2496 1387 2552 definietur.

1107 2613 1450 2689 CorolL
1571 2645 1623 2690 1.

720 2727 813 2774 62.
859 2725 1191 2799 Quaecunque
1233 2729 1379 2796 igitur
1423 2729 1599 2782 relatio
1642 2728 1768 2780 inter
1809 2738 1968 2779 ternas
2028 2737 2184 2792 quan-

541 2808 700 2864 titates
738 2807 810 2876 V,
857 2807 895 2862 P
935 2819 987 2860 et
1027 2823 1064 2862 x
1106 2824 1415 2879 proponatur
1440 2851 1457 2881 ,
1523 2812 1622 2866 fiue
1659 2826 1725 2865 ex
1763 2825 1821 2863 ea
1877 2807 1927 2859 V
1988 2820 2082 2876 per
2143 2819 2182 2857 x

2132 2898 2184 2940 et
