2342 3554
497 305 571 343 22
1002 291 1154 363 ‘’2⁵3ss
1196 286 1215 368 )
1260 304 1297 345 0
1343 287 1365 367 (
1404 288 1556 359 3:⁶³3<-

1256 439 1386 500 vlt.

492 601 968 721 Inuestigatio
1024 601 1496 684 fun&ionum
1548 632 1651 684 ex
1706 603 1880 685 data
1949 595 2153 688 diffii-

844 734 1267 813 rentialium
1323 733 1780 835 conditione.

683 918 1026 1004 Au&0re
1084 921 1174 998 L.
1241 920 1516 997 Eulero
1571 941 1742 1024 pag.
1804 945 1946 994 110.

483 1112 570 1236 In
615 1112 850 1189 superiori
916 1115 1176 1171 volumine
1242 1132 1269 1170 a
1327 1112 1431 1171 Cei.
1478 1114 1699 1169 Auctore
1741 1113 1884 1168 huius
1927 1106 2150 1168 differta-

580 1201 726 1255 tionis
764 1202 863 1254 iam
903 1216 1056 1254 nouus
1098 1198 1226 1271 quafi
1269 1216 1478 1272 campus
1524 1198 1793 1267 Analyseos
1837 1197 2150 1251 infinitorum

483 1284 556 1337 est
611 1285 875 1349 detestus,
926 1285 975 1338 in
1019 1301 1118 1355 quo
1173 1283 1385 1339 colendo
1428 1281 1740 1344 Geometrae
1785 1283 1913 1334 vires
1951 1284 2049 1334 (uas
2089 1281 2148 1334 ad

483 1364 737 1434 summum
784 1369 1035 1425 vniuersae
1081 1367 1359 1422 matheseos
1423 1367 1720 1420 sublimioris
1781 1366 2150 1423 incrementum

482 1466 721 1507 exercere
775 1464 971 1525 queant.
1078 1452 1344 1523 Postquam
1416 1452 1554 1507 enim
1623 1448 1910 1503 obieruaffet
1942 1512 1950 1521 ι
1977 1451 2151 1501 omnia

483 1550 752 1607 praecepta
783 1579 798 1609 ,
867 1552 989 1607 quae
1035 1535 1187 1606 vulgo
1230 1538 1360 1588 circa
1403 1536 1880 1589 differentiationem
1924 1544 1978 1585 et
2018 1533 2150 1584 inte-

479 1621 761 1687 grationem
810 1622 934 1672 tradi
974 1620 1152 1686 solent,
1186 1620 1246 1672 ad
1289 1619 1567 1673 funftiones
1613 1630 1801 1671 tantum
1845 1618 2018 1670 vrticae
2063 1630 2148 1667 va-

479 1700 660 1755 risibilis
704 1703 914 1764 referri,
981 1704 1046 1752 ita
1092 1713 1148 1750 vt
1193 1702 1382 1751 etiamsi
1428 1703 1587 1769 plures
1629 1701 1885 1750 variabiles
1931 1701 1983 1748 in
2049 1697 2151 1748 cal-

483 1780 596 1834 culo
637 1794 896 1834 occurrant
928 1821 944 1848 .‚
1002 1795 1172 1832 tamen
1242 1781 1437 1848 semper
1488 1797 1578 1848 per
1620 1780 2016 1832 eliminationem
2059 1794 2152 1832 ne-

482 1864 677 1935 gotium
722 1880 788 1916 eo
834 1863 1034 1933 perduci
1081 1863 1256 1915 debeat
1286 1903 1300 1930 ‚
1348 1875 1406 1913 vt
1449 1860 1647 1926 tandem
1693 1863 1754 1914 ad
1798 1863 2145 1931 aequationem

480 1949 597 2000 duas
637 1962 834 2000 tantum
880 1945 1138 1999 variabiles
1181 1945 1611 2013 completstentem
1668 1946 2019 2015 perueniatur,
2081 1960 2147 1997 ex

483 2047 576 2099 ,qua
601 2071 615 2098 ,
659 2031 811 2101 qualis
847 2032 993 2085 altera
1040 2030 1234 2087 alterius
1277 2028 1332 2081 sit
1389 2028 1613 2093 ίίιῃᾱίο,
1655 2029 1851 2080 definiri
1893 2041 2145 2098 oporteat.

485 2114 619 2168 Hinc
661 2115 800 2174 issam
849 2113 1115 2180 Anaiyseos
1161 2124 1348 2180 partem
1381 2155 1394 2180 ,
1440 2128 1558 2182 quae
1595 2108 1753 2166 adhu'c
1799 2111 1897 2166 fere
1936 2113 2030 2165 {ola
2075 2112 2145 2166 est

482 2199 674 2259 exculta
700 2241 714 2265 ,
758 2199 824 2261 ita
866 2198 1091 2258 definiuit
1137 2197 1331 2250 Austor
1358 2235 1373 2264 ‚
1426 2209 1483 2249 vt
1526 2196 1578 2250 fit
1622 2197 1890 2249 methodus
1930 2197 2146 2251 functio-

482 2296 598 2334 nem
642 2282 783 2334 vnius
826 2282 1066 2335 variabilis
1107 2296 1178 2333 ex
1221 2281 1329 2333 data
1382 2281 1486 2334 eius
1533 2281 1930 2334 differentialium
1983 2281 2148 2334 cuius-

480 2381 576 2435 que
615 2366 791 2435 gtadus
852 2365 1148 2428 conditione
1215 2364 1574 2435 inuestigandi,
1645 2380 1708 2423 ex
1775 2382 1876 2433 quo
1940 2364 2144 2423 secunda

483 2448 752 2514 Analyseos
794 2463 903 2516 pars
943 2448 1070 2499 circa
1113 2446 1384 2501 fiinfiiones
1428 2449 1654 2502 binarum
1685 2447 1996 2500 variabilium
2024 2463 2142 2498 ver-

483 2532 571 2584 sari
615 2529 682 2582 est
721 2529 958 2582 censenda
987 2573 1001 2597 ,
1044 2531 1107 2583 ita
1151 2544 1208 2583 vt
1250 2548 1314 2584 ex
1358 2532 1468 2584 data
1513 2531 1746 2601 quapiam
1790 2530 2033 2581 relatione
2059 2530 2141 2581 in·

483 2625 560 2667 ter
604 2615 703 2666 eius
746 2613 1084 2666 differenti-alia
1129 2614 1226 2667 eius
1269 2631 1382 2668 vera
1453 2613 1643 2666 indoles
1705 2611 1985 2680 inuestigari
2049 2613 2141 2666 de-

482 2696 632 2764 beat,
682 2712 803 2767 quae
854 2697 1164 2767 inuestigatio
1231 2700 1400 2751 denuo
1463 2698 1515 2748 in
1563 2707 1722 2764 partes
1765 2693 2138 2763 fiibdiuidetur,

483 2793 634 2852 prout
709 2785 759 2833 in
836 2780 1128 2837 relationem
1194 2781 1327 2835 illam
1395 2778 1735 2833 differentialia
1761 2821 1775 2846 ‚
1821 2780 1902 2833 vel
1943 2793 2136 2833 tantum

483 2864 680 2944 primi,
725 2864 804 2929 vel
844 2864 1003 2920 etiam
1046 2865 1240 2921 secundi
1265 2905 1281 2935 ,
1327 2863 1626 2924 altiorumue
1668 2864 1905 2925 ordinum
1971 2864 2137 2928 ingre?

1924 2949 2137 3005 diamur„
