2342 3554
557 338 1379 406 MAGNETICA·
1667 360 1793 417 343ss

270 499 357 568 ἀ)
404 521 437 568 ‚5
455 496 594 553 Tum
641 495 811 551 sensim
857 493 1119 566 sensimque
1164 494 1684 566 parallelipipedorum
1714 499 1796 553 di·²

146 583 552 653 „varicationem
601 581 960 643 imminuebam
988 618 1004 638 ‚
1064 593 1114 632 et
1153 579 1565 648 experimentum
1591 624 1605 648 ‚
1673 600 1799 652 qua*

142 669 268 736 „vis
331 671 443 720 vice
508 683 698 722 nouum
762 663 1044 718 adhibendo
1108 661 1254 716 filum
1302 664 1406 736 αβ,
1450 665 1747 735 repetebam
1780 708 1796 735 ‚

143 753 372 823 „subque
434 750 629 804 initium
697 748 895 801 effedtus
937 747 1073 800 idem
1119 744 1237 800 inde
1276 746 1500 800 resultare
1544 749 1800 819 pergebat,

143 849 251 910 „vt
296 849 454 889 antea.
494 902 498 904 μ
540 833 631 910 Ast
671 849 787 908 cum
833 845 1033 903 eatenus
1076 832 1345 884 imminuta
1388 831 1510 884 esset
1546 831 1796 902 distantia,

148 932 256 990 „vt
298 918 401 989 poli
451 918 500 971 A
544 932 592 970 et
641 915 699 982 Βμ
723 932 826 969 non
871 914 955 968 nisi
994 913 1260 968 dimidium
1300 914 1492 975 circiter
1560 916 1798 985 pollicem

145 1020 215 1071 ²‚a
250 998 298 1054 'se
345 994 873 1057 inuicem'distarent,
919 1006 1176 1052 veuentum
1219 998 1434 1053 omnino
1486 1001 1801 1052 contrarium

145 1079 484 1153 „sortiebatur
532 1098 807 1137 tentamen.
904 1080 1014 1136 Iam
1062 1082 1193 1136 enim
1243 1100 1278 1136 οι
1320 1081 1444 1157 polo
1483 1080 1546 1151 B,
1594 1084 1632 1157 β
1676 1095 1802 1137 vero

145 1166 314 1237 „polo
357 1166 430 1230 A,
473 1165 857 1245 liomogeneum
905 1166 1211 1220 monstrabat
1242 1166 1660 1241 'magnetismum.
1720 1223 1758 1242 γ’,

327 1311 563 1384 Quanta,
628 1309 806 1380 quaeso
831 1343 847 1375 ,
918 1311 1251 1363 admiratione
1315 1313 1520 1380 percelli
1562 1306 1805 1365 debuisset

150 1380 350 1452 naturae
393 1393 628 1447 scrutator
656 1429 671 1458 ,
745 1395 870 1464 qui,
943 1411 1033 1464 per
1072 1395 1333 1446 innumera
1375 1396 1648 1450 tentamina
1678 1431 1693 1462 ,
1738 1397 1805 1450 de

148 1479 483 1550 experimenti
525 1479 589 1532 du
632 1477 833 1544 Fayani
873 1478 1085 1529 veritate
1130 1476 1384 1530 conuictus
1409 1498 1427 1544 ·‚
1504 1471 1808 1543 fortuito'in-

149 1577 441 1632 magnetem
484 1560 768 1626 incidisset,
820 1561 907 1631 qui·
946 1558 1158 1614 omnino
1197 1562 1508 1616 contrarium·
1545 1556 1758 1618 dedifl‘e‘t
1779 1595 1799 1630 7

151 1658 391 1701 euentum
418 1642 443 1698 ζ

350 1789 620 1866 Pergamus
660 1793 878 1848 vlterius.
968 1791 1165 1849 Pendet
1210 1792 1375 1849 restae
1428 1794 1509 1870 fg·
1568 1793 1630 1849 ab
1692 1789 1811 1850 AB?

147 1878 368 1934 distantia
408 1881 539 1948 (Fig.
585 1896 638 1931 2.
694 1877 891 1931 Differt.
943 1873 1197 1949 praeced.)
1238 1879 1415 1931 itidem
1460 1880 1522 1932 ab
1550 1873 1617 1946 fot,
1665 1879 1728 1933 fic
1750 1872 1812 1933 vt:

149 1951 348 2031 reliquis
390 1962 630 2014 valoribus
693 1976 798 2011 nou
866 1958 1102 2026 mutam,
1168 1977 1286 2014 cum
1355 1979 1389 2013 α
1455 1956 1813 2029 decrescente‚'

147 2045 372 2098 distantia
441 2045 561 2096 haec
628 2042 946 2111 adaugeatur.
1077 2039 1211 2094 Cum
1279 2058 1472 2112 nempe
1559 2044 1616 2097 fit
1708 2045 1811 2115 ipsa·

149 2117 822 2223 :Iv--ffioe‘lZffl'
904 2153 971 2190 ex
1038 2137 1148 2207 ipso
1214 2136 1459 2191 formulae
1524 2138 1703 2191 intuitu
1746 2139 1812 2193 de

151 2226 423 2303 propositi
446 2233 651 2284 veritate
692 2234 898 2286 constat.
986 2232 1178 2306 Quodfi
1203 2235 1366 2303 itaque
1391 2234 1493 2286 duo
1515 2232 1698 2286 diuersa
1724 2234 1809 2288 fila

154 2315 311 2367 ferrea
338 2347 354 2378 ‚
427 2313 636 2365 alterum
681 2314 881 2366 mollius
905 2349 920 2379 ‚
980 2315 1186 2367 alterum
1235 2316 1396 2368 durius
1435 2316 1759 2371 adhibeantur
1785 2352 1813 2385 ‚-

155 2397 218 2452 fic
250 2432 264 2461 ‚
296 2407 374 2469 ⁴vt
418 2395 876 2464 posteriori'maius
917 2398 1208 2467 respondeat
1254 2416 1304 2465 α,
1347 2414 1401 2451 ac
1448 2400 1600 2469 priori
1637 2435 1653 2466 ‚
1698 2400 1811 2458 fieri

156 2480 395 2552 poterit,
465 2492 519 2532 vt
583 2495 678 2548 pro
743 2480 929 2534 duriori
973 2480 1066 2533 filo
1110 2479 1243 2534 rec'ta
1272 2482 1355 2554 fg
1397 2480 1526 2535 vltra
1570 2471 1814 2554 polorum

157 2563 497 2618 extremitates
536 2577 640 2628 mn,
661 2572 759 2634 pq,
799 2563 911 2634 Fig.
961 2581 1012 2615 1.
1054 2581 1149 2634 pro
1209 2565 1438 2620 molliori
1504 2582 1623 2620 vero
1688 2573 1811 2624 citra

156 2649 279 2718 ipsas
319 2648 462 2701 cadat
490 2686 507 2714 ‚
546 2659 753 2717 tumque
793 2647 996 2701 mollius
1037 2647 1178 2702 filum
1205 2691 1221 2717 ‚
1275 2649 1405 2721 polis
1443 2651 1709 2706 admotum
1756 2666 1813 2706 et

159 2746 306 2784 more
346 2730 410 2785 du
451 2726 654 2799 Fayano
697 2729 913 2784 strictum
942 2775 957 2799 ‚
994 2746 1226 2786 euentum
1274 2729 1636 2802 du'Fayanum
1663 2775 1678 2801 ‚
1716 2738 1814 2805 du·-

157 2815 253 2869 rius
296 2828 417 2866 vero
436 2838 455 2883 ,·
492 2815 1043 2869 omnino-contrarium
1069 2817 1426 2885 ²monstrabit-,
1470 2818 1532 2871 fic
1577 2835 1636 2872 vt
1673 2822 1809 2874 idem

157 2912 360 2970 magnes
384 2937 402 2968 ‚
482 2896 571 2952 sub·
636 2898 810 2954 iisdem
852 2915 1153 2974 apparenter
1191 2897 1575 2960 circumstantiis
1593 2937 1610 2969 ‚
1679 2917 1808 2957 mox

1632 2983 1802 3056 hunc,
