2342 3554
760 218 914 300 {0333
959 221 977 302 )
1021 238 1057 279 0
1104 226 1125 292 (
1168 228 1321 299 ἔξω
1805 252 1883 309 33

196 374 484 437 strumentis
534 372 657 430 haec
703 377 830 432 ratio
874 377 1186 432 exactissime
1241 379 1386 435 suerit
1460 383 1635 438 eadem
1668 426 1682 452 ‚
1751 390 1888 458 quod

183 478 327 517 terte
374 460 614 515 rarissime
657 463 955 533 contingit,
1023 463 1195 516 eadem
1245 465 1304 518 iis
1361 466 1591 522 inseruire
1659 485 1887 542 nequeat.

192 547 329 602 Hinc
375 545 457 601 CI.
504 547 707 601 Auctor
747 548 1033 602 remedium
1082 549 1339 618 ingeniose
1379 555 1724 624 excogitatum
1764 572 1887 626 pro-

190 634 341 705 ponit
376 676 390 701 ,
434 633 566 703 quod
616 631 668 684 in
714 631 815 686 hoc
872 631 1088 686 consistit
1124 669 1138 700 ,
1191 647 1244 686 vt
1290 636 1413 690 tubo
1458 637 1883 694 thermometrico

184 718 310 773 vloco
354 717 489 771 bulbi
535 717 679 778 vitrei
748 715 938 787 capsula
1006 717 1161 771 ferrea
1217 720 1483 793 adaptetur
1511 765 1526 792 ‚
1590 742 1714 798 quae
1780 741 1881 797 ope

191 801 418 854 cochleae
463 801 553 869 ipsi
601 800 801 853 insertae
845 801 984 855 facile
1028 804 1096 857 ita
1154 806 1314 875 parari
1384 808 1547 879 potest
1577 851 1590 878 ‚
1662 821 1718 863 vt
1779 812 1887 864 ⁴eius

192 888 374 938 cauitas
418 899 514 952 pro
557 882 711 936 lubitu
760 886 997 954 ampliari
1038 899 1089 939 et
1130 889 1374 944 coard'tari
1420 905 1582 963 queat.
1631 892 1716 948 Sic
1740 896 1880 948 enim

185 967 357 1039 paucis
402 965 765 1035 experimentis
807 968 1033 1020 institutis
1074 970 1201 1024 haud
1247 974 1520 1028 difficulter
1561 993 1619 1029 ea
1688 980 1884 1048 capaci-

185 1065 258 1105 tas
299 1049 519 1121 criptulae
561 1047 859 1114 definietur,
905 1065 1025 1119 quae
1069 1051 1129 1103 ad
1175 1054 1280 1106 tubi
1321 1057 1712 1126 amplitudinem
1760 1062 1883 1114 tela-

182 1149 236 1191 ta
269 1123 493 1207 'praecise
531 1134 748 1186 eandem
792 1134 1037 1203 graduum
1085 1138 1486 1208 magnitudinem
1532 1141 1879 1215 exigat‚quae

184 1221 474 1275 desideratur
504 1262 518 1290 ,
587 1222 731 1290 eique
778 1219 988 1289 proinde
1032 1219 1153 1275 scala
1199 1224 1303 1277 iam
1376 1224 1607 1279 confesta
1675 1233 1879 1298 optimo

172 1303 386 1359 „successu
430 1305 629 1376 adiungi
671 1318 816 1374 queat
851 1347 864 1373 ‚
936 1303 970 1357 fi
1016 1305 1177 1360 modo
1236 1321 1426 1363 tantum
1468 1309 1670 1380 liquoris
1714 1313 1877 1368 infun-

182 1389 381 1452 datur,
423 1403 481 1445 vt
528 1392 700 1446 micus
744 1390 1003 1464 temperiei
1047 1392 1228 1464 gradus
1268 1395 1405 1449 reste
1451 1394 1747 1467 designetur.

970 1687 1044 1740 v„

349 1877 812 1958 Emendatio
872 1875 1350 1985 M'icroscopii
1409 1875 1691 1960 Solaris.

181 2089 532 2171 Au&ore
589 2093 670 2170 F.
732 2091 833 2169 V..
891 2090 999 2169 T.
1079 2090 1393 2199 Aepino
1460 2116 1637 2202 pag.
1708 2094 1868 2192 316.

169 2295 583 2423 rOffiet‘ltorunn
629 2301 970 2354 minimorum
1012 2314 1105 2370 per
1151 2299 1482 2366 microstopia
1523 2299 1863 2370 {blariaquae

341 2382 406 2434 lia
445 2380 608 2434 adhuc
652 2384 714 2435 ab
753 2383 1021 2436 artificibus
1060 2382 1174 2434 sunt
1214 2381 1496 2435 construe'ta
1520 2421 1535 2445 ‚
1571 2382 1855 2454 repraesen-

171 2466 419 2519 tationem
470 2464 693 2535 pluribus
737 2467 874 2519 vitiis
918 2465 1383 2538 esset‘inquinatam,
1430 2464 1513 2519 vel
1554 2465 1667 2520 inde
1710 2465 1858 2522 intel·

167 2550 344 2620 ‘ligitur
372 2589 387 2615 ‚
431 2549 568 2619 quod
615 2566 728 2603 cum
774 2551 901 2603 radii
945 2550 1095 2603 lucidi
1136 2566 1229 2622 per
1279 2548 1380 2623 ipsa
1430 2550 1632 2607 obi-etsta
1699 2564 1857 2606 trans-

172 2635 439 2688 mittantur
464 2675 478 2699 ,
520 2633 703 2689 horum
751 2632 912 2687 forma
980 2647 1179 2690 eatenus
1241 2646 1439 2690 tantum
1507 2638 1558 2691 in
1630 2636 1852 2708 imagine

166 2720 501 2789 exprimatur,
541 2733 782 2790 quatenus
820 2719 922 2791 ipsa
962 2720 1076 2774 sunt
1120 2718 1391 2792 pellucida‚
1433 2723 1499 2776 ita
1544 2733 1633 2794 vt,
1678 2721 1713 2774 fi
1755 2721 1850 2775 hac

167 2804 479 2877 proprietate
523 2815 748 2858 carerent
776 2842 793 2871 ‚
837 2803 972 2859 nulla
1016 2801 1208 2879 prorsus
1246 2807 1629 2878 repraesentatio
1671 2804 1851 2860 effice·

195 2920 197 2923 <
250 2884 918 2946 Tole.Nou.Comm.
1288 2906 1319 2944 e
1696 2904 1845 2944 retur·
1927 2922 1929 2924 ν
