2342 3554
405 325 966 389 EXPERIMENTA
1048 328 1538 390 MAGNETICA.
1699 355 1806 407 341

157 482 242 534 tali
287 494 458 533 tamen
501 481 602 534 fine
647 482 796 535 dubio
838 478 1058 532 habenda
1105 478 1159 532 sit
1187 517 1202 546 ,
1269 496 1392 549 quae
1442 495 1642 538 naturae
1716 487 1814 556 hy-

156 563 353 635 pothefi
398 575 506 616 tuto
549 564 763 618 substitui
807 561 985 634 potest.

347 688 643 743 Praecedens
682 688 979 756 differtatiO,
1047 687 1182 742 cuius
1227 688 1353 743 haec
1403 689 1810 743 additamentum

152 773 220 827 est
245 811 260 839 ‚
323 774 419 828 tale
464 774 758 845 exemplum
805 771 964 826 sistere
1008 775 1215 842 potuit;
1285 774 1354 826 ast
1396 774 1634 842 contigit
1679 771 1810 824 mihi

151 873 312 927 nuper
343 900 357 925 ,
397 856 552 910 adhuc
597 857 799 911 vlterius
841 856 892 907 in
934 854 1349 925 disquisitionibus
1387 857 1491 927 *istis
1535 857 1808 927 progredi,

150 954 293 1011 atque
337 940 564 994 theoriae
608 956 751 994 meae
794 934 1317 1009 magneticae'innixa
1380 939 1631 1008 synthesi,
1695 938 1810 991 talia

147 1025 381 1091 detegere
418 1023 769 1091 phaenomena
797 1062 811 1082 ‚
853 1037 975 1093 quae
999 1059 1014 1087 ,
1071 1022 1159 1076 nisi
1201 1023 1392 1076 causam
1437 1023 1657 1093 ipsorum
1700 1023 1808 1074 iam

146 1112 283 1155 antea
325 1107 585 1171 cognitam
632 1105 900 1161 habuissem
926 1148 943 1175 ‚
1005 1106 1058 1159 in
1103 1105 1358 1178 stuporem
1403 1108 1649 1161 coniicere
1715 1120 1806 1157 me

147 1183 436 1238 debuiflcnt.

332 1289 604 1347 Recordari
645 1303 882 1363 poterunt
926 1293 1137 1348 lectores
1177 1311 1243 1349 ex
1290 1296 1618 1359 dissertatione
1659 1311 1806 1365 prae-

144 1375 338 1430 cedenti
379 1374 852 1446 phaenomenorum
896 1391 947 1429 et
988 1378 1359 1432 ratiociniorum
1396 1418 1411 1445 ,
1450 1394 1663 1448 quorum
1708 1394 1803 1432 ex-

138 1459 438 1530 positionem
482 1458 587 1529 ipsa
627 1459 889 1524 continet,
955 1460 1085 1512 vnde
1129 1461 1311 1532 absque
1354 1478 1481 1514 noua
1521 1464 1595 1514 rei
1635 1462 1801 1531 expli-

143 1543 341 1597 catione
368 1586 382 1610 ,
422 1540 566 1595 filum
607 1543 979 1596 ratiociniorum
1027 1558 1263 1599 meorum
1302 1547 1469 1600 denuo
1514 1543 1805 1618 prehende-

147 1641 202 1680 re
223 1664 241 1684 ‚
281 1639 329 1680 et
373 1625 577 1680 vlterius
618 1627 856 1696 progredi
920 1625 1104 1683 licebit.

327 1747 405 1808 Sit
444 1753 726 1807 vniuerium
773 1751 984 1826 spatium
1013 1797 1027 1824 ,
1096 1755 1165 1808 cis
1230 1754 1415 1809 rectam
1478 1752 1789 1811 indefinitam
1810 1756 1912 1812 Tab.
1942 1761 2045 1812 vu.

136 1830 260 1887 ΕΙ)
303 1837 434 1907 (Fig.
485 1855 538 1890 2.
596 1835 800 1891 Differt.
848 1835 1109 1908 praece-d.)
1154 1838 1301 1892 situm
1334 1880 1349 1905 ‚
1394 1856 1482 1911 per
1523 1840 1681 1893 restas
1693 1841 1792 1914 fg,

86 1919 99 1927 ²
136 1918 177 1972 F
190 1916 239 1973 G
253 1953 272 1984 >
315 1921 380 1972 ita
414 1918 722 1973 distributum
754 1954 772 1986 ,
853 1922 932 1973 vti
977 1922 1026 1973 in
1072 1919 1425 1974 Differtatione
1468 1924 1792 1992 praecedente

131 1995 414 2068 expositum
460 2001 567 2068 est,
635 2014 777 2071 atque
841 2002 997 2070 liquet
1024 2044 1038 2068 ,
1107 2003 1138 2054 fi
1204 2005 1507 2072 punstorum
1554 2006 1606 2058 A
1651 2018 1702 2056 et
1747 2005 1793 2058 B

131 2081 356 2137 distantia
424 2083 748 2137 imminuatur
787 2126 802 2151 ,
861 2083 1062 2153 reliquis
1128 2085 1496 2139 circumstantiis
1562 2088 1794 2141 omnibus

131 2181 233 2218 non
275 2158 516 2233 muntia,
559 2166 855 2236 consequens
891 2167 1005 2219 inde
1050 2165 1150 2220 effe
1192 2169 1372 2222 debere
1399 2212 1412 2238 ‚
1479 2171 1613 2239 quod
1656 2171 1792 2226 reeta

114 2247 195 2321 fg
258 2247 458 2316 propius
524 2250 821 2318 propiusque
864 2250 914 2301 in
959 2250 1277 2304 indefinitum
1335 2253 1536 2306 accedat
1602 2253 1666 2306 ad
1706 2270 1790 2307 re.

133 2331 269 2382 &am
310 2327 457 2394 DE,
530 2330 861 2382 transeuntem
909 2346 1000 2399 per
1043 2333 1228 2402 punsta
1274 2336 1324 2387 A
1367 2348 1418 2386 et
1461 2333 1522 2387 B.
1655 2334 1789 2391 Cum

129 2440 318 2495 nempe
360 2423 522 2478 restae
546 2423 634 2497 fg
673 2424 892 2477 distantia
933 2423 1009 2477 lv
1049 2426 1112 2479 ab
1163 2424 1271 2479 AB
1319 2427 1375 2480 fit
1403 2409 1742 2519 :vm—{325
1768 2476 1785 2502 ‚

131 2518 256 2573 haec
300 2535 425 2572 vero
469 2520 743 2591 quamnam,
790 2521 948 2574 modo
989 2523 1287 2593 reliquarum
1341 2524 1592 2578 literarum
1644 2529 1784 2583 valor

130 2619 231 2655 non
277 2615 536 2668 mutetur,
604 2603 885 2671 decrescat,
952 2605 1257 2660 decrescente
1297 2623 1330 2661 a
1360 2647 1377 2678 ‚
1427 2609 1488 2663 de
1541 2613 1791 2684 propositi

130 2687 345 2740 veritate
386 2685 524 2740 facile
568 2687 766 2741 constat.

306 2807 494 2880 Quodfi
533 2808 655 2866 haee
694 2811 755 2867 ad
801 2827 1085 2887 magnetem
1129 2813 1471 2889 adplicemuS,
1515 2817 1770 2876 obseruan-

119 2891 246 2946 dum
289 2891 399 2961 est,
443 2894 622 2965 panna
647 2933 663 2966 ,
719 2898 771 2951 in
810 2916 936 2970 quae
980 2905 1374 2972 magneticorum
1419 2905 1653 2976 polorum
1697 2905 1773 2955 vis

921 2981 968 3036 V
996 3000 1030 3036 v
1077 3004 1108 3053 3
1573 2983 1773 3041 vniuet-
