2342 3554
487 272 602 332 278
1038 261 1195 321 DE
1277 251 1621 355 MOTV

482 414 621 466 vnde
661 409 931 467 neceffario
969 412 1028 466 fit
1072 428 1186 464 a:
1205 409 1268 484 β,
1311 407 1398 478 qui
1436 404 1503 458 est
1543 403 1670 457 caffis
1706 403 1885 458 cordae
1927 421 2018 474 per
2055 402 2142 459 toi

483 508 589 546 tam
635 493 769 548 suam
813 495 1171 567 longitudinem
1215 492 1433 544 eiusdem
1512 485 1750 540 craffitiei.
1857 488 2025 562 Quam
2071 489 2139 541 ob

483 593 594 631 rem
637 575 816 630 solutio
858 576 999 629 liuius
1042 573 1362 647 problematis
1404 587 1469 625 eo
1510 569 1669 639 magis
1687 569 1754 622 est
1779 581 1949 624 notatu
1973 572 2139 643 digna,

487 663 619 729 quod
661 676 761 712 non
805 660 962 710 tolum
1006 660 1057 711 in
1112 656 1483 725 inuestigatione
1545 667 1575 705 a
1636 650 1750 718 lege
1812 654 2147 707 continuitatis

490 743 716 794 maxime
759 742 1050 794 abhorrente
1092 742 1344 805 veri-atur,
1406 736 1488 789 (ed
1533 736 1687 789 etiam
1750 734 2050 788 vibrationes
2111 749 2144 787 a

488 821 598 892 lege
643 823 988 876 isocbronismi
1017 862 1031 888 ‚
1074 821 1355 874 cuiusmodi
1407 819 1582 872 adhuc*
1609 834 1637 871 a
1679 811 1970 871 Geometris
2010 816 2144 872 solae

484 904 686 958 tractari
729 905 834 961 sunt
876 903 1046 959 solitae
1071 941 1085 962 ,
1124 904 1265 958 nobis
1307 901 1674 978 cognoscendas
1715 901 1908 959 offerat.

685 1063 786 1123 48.
852 1052 1119 1111 Caeterum
1185 1071 1304 1109 cum
1357 1051 1657 1107 construCtio
1699 1067 1756 1105 ac
1796 1047 2150 1103 determinatio

483 1135 776 1192 huiusmodi
839 1155 1008 1192 motus
1058 1155 1152 1207 per
1195 1139 1332 1189 binas
1369 1151 1541 1188 curuas
1577 1132 1997 1189 determinatrices
2034 1147 2151 1201 per·

496 1218 695 1272 ficiatur
722 1261 743 1288 ,
807 1236 1011 1289 quarum
1063 1218 1335 1288 descriptio
1373 1228 1427 1268 et
1471 1215 1793 1286 irregularitas
1833 1212 2145 1283 potiffimum

494 1317 526 1354 a
570 1303 764 1356 ratione
828 1300 1178 1371 inaequalitatis
1241 1302 1368 1353 inter
1408 1301 1696 1368 quantitates
1735 1312 1783 1350 m
1826 1308 1876 1347 et
1928 1310 1961 1350 n
2026 1309 2153 1365 pen·

494 1393 583 1447 det
606 1436 624 1462 ‚
666 1396 830 1448 notari
871 1396 1166 1459 conueniet,
1206 1391 1299 1443 effe
1324 1392 1378 1443 in
1408 1405 1585 1458 genere
1624 1405 1766 1443 mm:
1793 1403 1867 1442 nn
1892 1404 1961 1442 z:
1990 1377 2048 1458 2}-
2072 1365 2144 1457 z}

494 1478 677 1549 ςεββ
705 1496 716 1529 :
744 1495 854 1542 αα,
894 1477 1108 1544 ideoque
1149 1490 1197 1526 m
1223 1493 1234 1526 ι
1261 1473 1426 1544 ηῖβ
1451 1491 1461 1523 :
1488 1491 1544 1523 α.
1627 1472 1830 1524 Tenent
1851 1487 1974 1541 ergo
1998 1485 2157 1541 quan·

495 1559 659 1611 titates
703 1576 752 1611 m
793 1571 843 1610 et
883 1573 934 1627 n,
978 1568 1211 1625 quatenus
1253 1555 1315 1606 ad
1383 1568 1641 1622 vtramque
1709 1564 1904 1622 partem
1973 1555 2157 1606 cordae

496 1636 608 1695 AC
649 1651 703 1692 et
742 1636 845 1693 BC
887 1637 1196 1709 referuntur,
1239 1637 1481 1688 rationem
1527 1637 1839 1705 reciprocam
1884 1633 2156 1688 diametro·

493 1739 610 1777 rum
651 1722 877 1777 craffitiei
916 1722 1165 1790 Vtriusque
1211 1720 1378 1788 partis.
1503 1714 1770 1772 Caeterum
1811 1717 1966 1771 etiam
2031 1718 2161 1772 circa

498 1804 629 1859 hanc
672 1804 970 1859 solutionem
1017 1802 1268 1872 imprimis
1311 1813 1553 1870 notetur,
1619 1802 1756 1871 quod
1799 1813 2001 1854 motum
2065 1801 2163 1854 hu·

500 1888 715 1941 iusmodi
757 1888 1019 1940 cordarum
1068 1882 1453 1952 compositarum
1480 1924 1493 1948 ,
1562 1896 1814 1951 vtcunque
1852 1883 2000 1936 fuerit
2039 1885 2164 1936 irre-
2210 1876 2213 1879 ⁴

504 1969 719 2037 gulam,
763 1967 958 2036 semper
1000 1964 1207 2016 definire
1248 1963 1394 2016 liceat
1421 2000 1436 2027 ,
1479 1979 1790 2031 quaecunque
1830 1965 1980 2016 etiarn
2026 1963 2157 2032 figu-

504 2065 558 2104 ra
619 2065 792 2102 curuae
842 2048 1072 2122 primitus
1114 2044 1256 2101 fuerit
1299 2046 1523 2113 indueta,
1566 2045 1662 2099 siue
1705 2045 1996 2117 aequatione
2037 2061 2163 2114 qua·

507 2132 647 2204 piam
693 2134 875 2187 includi
942 2140 1123 2200 queat,
1190 2128 1289 2181 flue
1363 2129 1530 2199 secu53
1599 2143 1726 2196 quae
1791 2125 2161 2182 circumstantia

509 2215 640 2267 adeo
705 2231 800 2284 pro
861 2212 1025 2267 cordis
1088 2209 1403 2262 vuiformiter
1455 2207 1629 2262 'craffis
1668 2207 1916 2261 nonnullis
1957 2208 2165 2261 summis

510 2293 802 2350 Geometris
842 2298 970 2347 vires
1011 2292 1281 2363 Analyseos
1323 2292 1661 2346 transcendere
1704 2290 1776 2346 est
1827 2290 1940 2343 visa.
2051 2290 2160 2344 Pari

510 2392 680 2432 autem
723 2378 967 2432 methodo
1008 2375 1084 2429 vis
1121 2373 1339 2428 soluendi
1377 2374 1583 2429 extendi
1623 2373 1806 2444 poterit
1843 2375 1903 2427 ad
1945 2375 2118 2445 cordas
2145 2412 2164 2440 ‚

514 2476 639 2529 quae
704 2477 774 2515 ex
841 2461 992 2514 tribus
1060 2457 1334 2529 pluribusne
1399 2459 1617 2530 partibus
1680 2456 1892 2511 diuersae
1943 2455 2167 2512 craffitiei

515 2543 691 2596 fuerint
732 2543 1070 2614 compofitae;
1116 2540 1432 2595 manifestum
1476 2542 1611 2595 enim
1652 2539 1996 2608 est‚toridem
2039 2541 2166 2594 sem-

518 2642 609 2696 per
648 2626 807 2678 curuis
849 2623 1330 2692 determinatlricibus
1380 2641 1511 2695 opus
1572 2623 1706 2691 effe,
1771 2638 1977 2693 quarum
2045 2637 2167 2675 con·

520 2707 726 2763 struetio
765 2724 833 2762 ex
874 2707 1032 2780 figura
1074 2704 1247 2761 initiali
1287 2708 1466 2762 cordae
1507 2707 1652 2764 simili
1691 2707 1793 2767 fere
1859 2705 2020 2762 modo
2080 2703 2168 2757 ab·

515 2791 640 2847 solui
679 2802 841 2861 queat.

2065 2886 2164 2940 49·
